ts_event,rtype,publisher_id,instrument_id,action,side,price,size,channel_id,order_id,flags,ts_in_delta,sequence,symbol
2025-09-24 19:30:00.000860311+00:00,160,1,432669,A,A,64.83,1,26,8058566314544,128,17528,94225061,CLX5
2025-09-24 19:30:00.001394777+00:00,160,1,432669,C,A,64.83,1,26,8058566314535,128,17697,94225065,CLX5
2025-09-24 19:30:00.061472325+00:00,160,1,432669,C,B,64.79,1,26,8058566226379,128,21053,94225124,CLX5
2025-09-24 19:30:00.061473053+00:00,160,1,432669,C,B,64.8,1,26,8058566253567,128,17668,94225125,CLX5
2025-09-24 19:30:00.093437495+00:00,160,1,432669,C,A,64.83,1,26,8058566314534,128,18699,94225162,CLX5
2025-09-24 19:30:00.093784155+00:00,160,1,432669,A,B,64.82,1,26,8058566314579,128,15148,94225181,CLX5
2025-09-24 19:30:00.125953257+00:00,160,1,432669,C,A,64.86,1,26,8058566175788,128,18262,94225208,CLX5
2025-09-24 19:30:00.398580505+00:00,160,1,432669,C,A,64.83,2,26,8058566314531,128,16291,94225265,CLX5
2025-09-24 19:30:00.398599399+00:00,160,1,432669,C,A,64.83,2,26,8058566314530,128,14788,94225266,CLX5
2025-09-24 19:30:00.399976013+00:00,160,1,432669,C,A,64.83,1,26,8058566314503,128,16415,94225293,CLX5
2025-09-24 19:30:00.400141223+00:00,160,1,432669,T,B,64.83,6,26,8058566314620,0,18442,94225298,CLX5
2025-09-24 19:30:00.400141223+00:00,160,1,432669,F,A,64.83,1,26,8058566308744,0,18442,94225298,CLX5
2025-09-24 19:30:00.400141223+00:00,160,1,432669,F,A,64.83,2,26,8058566308768,0,18442,94225298,CLX5
2025-09-24 19:30:00.400141223+00:00,160,1,432669,F,A,64.83,1,26,8058566311024,0,18442,94225298,CLX5
2025-09-24 19:30:00.400141223+00:00,160,1,432669,F,A,64.83,1,26,8058566313468,0,18442,94225298,CLX5
2025-09-24 19:30:00.400141223+00:00,160,1,432669,F,A,64.83,1,26,8058566314544,0,18442,94225298,CLX5
2025-09-24 19:30:00.400141223+00:00,160,1,432669,C,A,64.83,1,26,8058566308744,0,15030,94225299,CLX5
2025-09-24 19:30:00.400141223+00:00,160,1,432669,C,A,64.83,2,26,8058566308768,0,15030,94225299,CLX5
2025-09-24 19:30:00.400141223+00:00,160,1,432669,C,A,64.83,1,26,8058566311024,0,15030,94225299,CLX5
2025-09-24 19:30:00.400141223+00:00,160,1,432669,C,A,64.83,1,26,8058566313468,0,15030,94225299,CLX5
2025-09-24 19:30:00.400141223+00:00,160,1,432669,C,A,64.83,1,26,8058566314544,128,15030,94225299,CLX5
2025-09-24 19:30:00.400153319+00:00,160,1,432669,A,B,64.83,3,26,8058566314621,128,16510,94225302,CLX5
2025-09-24 19:30:00.400477971+00:00,160,1,432669,A,B,64.82,2,26,8058566314622,128,15238,94225306,CLX5
2025-09-24 19:30:00.400484563+00:00,160,1,432669,A,B,64.82,1,26,8058566314624,128,15142,94225309,CLX5
2025-09-24 19:30:00.400522039+00:00,160,1,432669,C,A,65.05,1,26,8058565884948,128,17488,94225313,CLX5
2025-09-24 19:30:00.400522481+00:00,160,1,432669,C,A,65.03,1,26,8058565958174,128,17488,94225313,CLX5
2025-09-24 19:30:00.400522885+00:00,160,1,432669,C,A,65.02,1,26,8058565971028,128,17488,94225313,CLX5
2025-09-24 19:30:00.400523209+00:00,160,1,432669,C,A,65.01,1,26,8058565978397,128,15461,94225314,CLX5
2025-09-24 19:30:00.400523537+00:00,160,1,432669,C,A,65.0,1,26,8058565986118,128,15461,94225314,CLX5
2025-09-24 19:30:00.400523863+00:00,160,1,432669,C,A,64.99,1,26,8058566056746,128,15461,94225314,CLX5
2025-09-24 19:30:00.400524151+00:00,160,1,432669,C,A,64.98,1,26,8058566058624,128,15461,94225314,CLX5
2025-09-24 19:30:00.400524479+00:00,160,1,432669,C,A,64.94,1,26,8058566099503,128,15461,94225314,CLX5
2025-09-24 19:30:00.400524765+00:00,160,1,432669,C,A,64.93,1,26,8058566106311,128,14820,94225315,CLX5
2025-09-24 19:30:00.400525111+00:00,160,1,432669,C,A,64.92,1,26,8058566107908,128,14663,94225316,CLX5
2025-09-24 19:30:00.400525379+00:00,160,1,432669,C,A,64.91,1,26,8058566108705,128,15033,94225317,CLX5
2025-09-24 19:30:00.400525649+00:00,160,1,432669,C,A,64.89,1,26,8058566173002,128,16997,94225318,CLX5
2025-09-24 19:30:00.400525879+00:00,160,1,432669,C,A,64.88,1,26,8058566173150,128,15056,94225319,CLX5
2025-09-24 19:30:00.400526025+00:00,160,1,432669,C,A,64.86,1,26,8058566175980,128,14702,94225320,CLX5
2025-09-24 19:30:00.400526263+00:00,160,1,432669,C,A,64.85,1,26,8058566273445,128,14936,94225321,CLX5
2025-09-24 19:30:00.400526493+00:00,160,1,432669,C,A,64.84,1,26,8058566274081,128,15684,94225322,CLX5
2025-09-24 19:30:00.400569155+00:00,160,1,432669,A,A,64.84,1,26,8058566314633,128,18331,94225336,CLX5
2025-09-24 19:30:00.400587451+00:00,160,1,432669,A,A,64.84,1,26,8058566314639,128,18642,94225356,CLX5
2025-09-24 19:30:00.400611643+00:00,160,1,432669,A,A,64.84,1,26,8058566314641,128,17860,94225359,CLX5
2025-09-24 19:30:00.400614887+00:00,160,1,432669,M,B,64.82,1,26,8058566311303,128,18451,94225364,CLX5
2025-09-24 19:30:00.400626829+00:00,160,1,432669,C,A,64.85,1,26,8058566313455,128,18766,94225370,CLX5
2025-09-24 19:30:00.400634277+00:00,160,1,432669,A,B,64.82,3,26,8058566314643,128,15218,94225371,CLX5
2025-09-24 19:30:00.400640921+00:00,160,1,432669,C,A,64.85,1,26,8058566313240,128,18171,94225373,CLX5
2025-09-24 19:30:00.400642399+00:00,160,1,432669,C,A,64.85,1,26,8058566311241,128,15215,94225374,CLX5
2025-09-24 19:30:00.400680529+00:00,160,1,432669,A,B,64.83,1,26,8058566314644,128,18845,94225375,CLX5
2025-09-24 19:30:00.400722919+00:00,160,1,432669,A,B,64.83,1,26,8058566314645,128,20600,94225376,CLX5
2025-09-24 19:30:00.400985489+00:00,160,1,432669,M,B,64.82,3,26,8058566311409,128,14400,94225382,CLX5
2025-09-24 19:30:00.401298643+00:00,160,1,432669,A,B,64.8,1,26,8058566314647,128,18131,94225389,CLX5
2025-09-24 19:30:00.401678269+00:00,160,1,432669,C,B,64.78,1,26,8058566287073,128,14898,94225417,CLX5
2025-09-24 19:30:00.403177857+00:00,160,1,432669,M,A,64.85,1,26,8058566173085,128,15075,94225489,CLX5
2025-09-24 19:30:00.404368897+00:00,160,1,432669,C,A,64.84,1,26,8058566314641,128,15342,94225543,CLX5
2025-09-24 19:30:00.404766703+00:00,160,1,432669,A,A,64.84,1,26,8058566314689,128,15317,94225555,CLX5
2025-09-24 19:30:00.404808405+00:00,160,1,432669,A,B,64.83,1,26,8058566314690,128,20056,94225558,CLX5
2025-09-24 19:30:00.410209565+00:00,160,1,432669,T,A,64.83,6,26,8058566314695,0,18162,94225587,CLX5
2025-09-24 19:30:00.410209565+00:00,160,1,432669,F,B,64.83,3,26,8058566314621,0,18162,94225587,CLX5
2025-09-24 19:30:00.410209565+00:00,160,1,432669,F,B,64.83,1,26,8058566314644,0,18162,94225587,CLX5
2025-09-24 19:30:00.410209565+00:00,160,1,432669,F,B,64.83,1,26,8058566314645,0,18162,94225587,CLX5
2025-09-24 19:30:00.410209565+00:00,160,1,432669,F,B,64.83,1,26,8058566314690,0,18162,94225587,CLX5
2025-09-24 19:30:00.410209565+00:00,160,1,432669,C,B,64.83,3,26,8058566314621,0,14895,94225588,CLX5
2025-09-24 19:30:00.410209565+00:00,160,1,432669,C,B,64.83,1,26,8058566314644,0,14895,94225588,CLX5
2025-09-24 19:30:00.410209565+00:00,160,1,432669,C,B,64.83,1,26,8058566314645,0,14895,94225588,CLX5
2025-09-24 19:30:00.410209565+00:00,160,1,432669,C,B,64.83,1,26,8058566314690,128,14895,94225588,CLX5
2025-09-24 19:30:00.410521073+00:00,160,1,432669,C,A,64.84,1,26,8058566314689,128,18762,94225592,CLX5
2025-09-24 19:30:00.410522069+00:00,160,1,432669,A,A,64.83,2,26,8058566314696,128,17093,94225594,CLX5
2025-09-24 19:30:00.410581271+00:00,160,1,432669,C,B,64.81,1,26,8058566313373,128,14884,94225615,CLX5
2025-09-24 19:30:00.410671921+00:00,160,1,432669,A,A,64.84,1,26,8058566314709,128,17862,94225627,CLX5
2025-09-24 19:30:00.410701201+00:00,160,1,432669,A,A,64.84,1,26,8058566314710,128,18899,94225628,CLX5
2025-09-24 19:30:00.410721571+00:00,160,1,432669,C,A,64.84,1,26,8058566314709,128,15330,94225629,CLX5
2025-09-24 19:30:00.410740329+00:00,160,1,432669,A,A,64.84,1,26,8058566314711,128,14986,94225630,CLX5
2025-09-24 19:30:00.410783373+00:00,160,1,432669,M,B,63.67,4,26,8058566311409,128,18470,94225633,CLX5
2025-09-24 19:30:00.411223245+00:00,160,1,432669,C,B,64.81,1,26,8058566312861,128,14937,94225651,CLX5
2025-09-24 19:30:00.411522059+00:00,160,1,432669,A,A,64.83,1,26,8058566314722,128,14588,94225654,CLX5
2025-09-24 19:30:00.411639307+00:00,160,1,432669,A,A,64.84,1,26,8058566314723,128,15573,94225658,CLX5
2025-09-24 19:30:00.412135413+00:00,160,1,432669,A,A,64.83,2,26,8058566314726,128,18069,94225670,CLX5
2025-09-24 19:30:00.412171817+00:00,160,1,432669,A,A,64.83,1,26,8058566314728,128,16937,94225675,CLX5
2025-09-24 19:30:00.457666111+00:00,160,1,432669,A,A,64.83,1,26,8058566314750,128,19714,94225710,CLX5
2025-09-24 19:30:00.457862229+00:00,160,1,432669,C,A,64.84,1,26,8058566314723,128,18915,94225711,CLX5
2025-09-24 19:30:00.457864841+00:00,160,1,432669,C,A,64.84,1,26,8058566314711,128,15373,94225712,CLX5
2025-09-24 19:30:00.457870581+00:00,160,1,432669,C,A,64.84,1,26,8058566314710,128,15383,94225713,CLX5
2025-09-24 19:30:00.458311799+00:00,160,1,432669,C,A,64.84,1,26,8058566314639,128,18354,94225718,CLX5
2025-09-24 19:30:00.545829295+00:00,160,1,432669,M,B,64.37,4,26,8058559498241,128,18301,94225736,CLX5
2025-09-24 19:30:00.567889583+00:00,160,1,432669,M,B,64.37,4,26,8058559498258,128,18395,94225744,CLX5
2025-09-24 19:30:00.580800899+00:00,160,1,432669,C,B,64.8,1,26,8058566314647,128,18532,94225748,CLX5
2025-09-24 19:30:00.853205783+00:00,160,1,432669,A,A,64.83,3,26,8058566314782,128,19780,94225781,CLX5
2025-09-24 19:30:00.855478847+00:00,160,1,432669,C,B,64.82,1,26,8058566314624,128,18885,94225802,CLX5
2025-09-24 19:30:00.855602719+00:00,160,1,432669,A,A,64.83,1,26,8058566314797,128,15440,94225826,CLX5
2025-09-24 19:30:00.855990925+00:00,160,1,432669,C,A,64.83,1,26,8058566314797,128,18727,94225841,CLX5
2025-09-24 19:30:00.856398255+00:00,160,1,432669,A,A,64.86,1,26,8058566314803,128,13814,94225845,CLX5
2025-09-24 19:30:00.926263687+00:00,160,1,432669,A,A,64.83,2,26,8058566314816,128,18960,94225877,CLX5
2025-09-24 19:30:00.998056981+00:00,160,1,432669,A,A,64.83,1,26,8058566314818,128,19138,94225912,CLX5
2025-09-24 19:30:00.998062607+00:00,160,1,432669,C,B,64.81,2,26,8058566313321,128,19724,94225916,CLX5
2025-09-24 19:30:00.998063471+00:00,160,1,432669,C,B,64.82,2,26,8058566314622,128,14862,94225922,CLX5
2025-09-24 19:30:00.998066851+00:00,160,1,432669,C,B,64.82,1,26,8058566314579,128,19848,94225926,CLX5
2025-09-24 19:30:00.998078869+00:00,160,1,432669,A,A,64.83,1,26,8058566314820,128,15355,94225929,CLX5
2025-09-24 19:30:00.998224917+00:00,160,1,432669,C,A,64.83,1,26,8058566314820,128,17861,94225941,CLX5
2025-09-24 19:30:00.998243405+00:00,160,1,432669,C,B,64.82,3,26,8058566314643,128,15839,94225942,CLX5
2025-09-24 19:30:00.998401741+00:00,160,1,432669,A,A,64.83,1,26,8058566314826,128,15776,94225951,CLX5
2025-09-24 19:30:00.998452197+00:00,160,1,432669,C,A,64.83,1,26,8058566314826,128,15555,94225957,CLX5
2025-09-24 19:30:00.998584171+00:00,160,1,432669,C,B,64.82,1,26,8058566314389,128,15194,94225973,CLX5
2025-09-24 19:30:00.998781769+00:00,160,1,432669,A,A,64.83,1,26,8058566314832,128,18784,94225980,CLX5
2025-09-24 19:30:00.998789159+00:00,160,1,432669,A,A,64.83,1,26,8058566314833,128,15911,94225982,CLX5
2025-09-24 19:30:00.998930139+00:00,160,1,432669,C,B,64.82,1,26,8058566313063,128,15482,94225993,CLX5
2025-09-24 19:30:00.999264531+00:00,160,1,432669,C,A,64.83,1,26,8058566314833,128,15408,94226000,CLX5
2025-09-24 19:30:00.999538157+00:00,160,1,432669,A,A,64.83,1,26,8058566314835,128,15178,94226003,CLX5
2025-09-24 19:30:00.999757777+00:00,160,1,432669,C,B,64.82,1,26,8058566314167,128,15276,94226025,CLX5
2025-09-24 19:30:01.000048607+00:00,160,1,432669,A,B,64.82,1,26,8058566314839,128,15288,94226036,CLX5
2025-09-24 19:30:01.000204003+00:00,160,1,432669,A,A,64.83,1,26,8058566314841,128,14764,94226039,CLX5
2025-09-24 19:30:01.000825213+00:00,160,1,432669,A,B,64.82,1,26,8058566314852,128,15160,94226052,CLX5
2025-09-24 19:30:01.003866837+00:00,160,1,432669,A,B,64.82,1,26,8058566314853,128,19257,94226065,CLX5
2025-09-24 19:30:01.024092071+00:00,160,1,432669,C,B,64.82,1,26,8058566314852,128,18842,94226082,CLX5
2025-09-24 19:30:01.024221415+00:00,160,1,432669,M,A,64.94,1,26,8058565075241,128,14894,94226085,CLX5
2025-09-24 19:30:01.026182495+00:00,160,1,432669,M,A,64.95,1,26,8058565075241,128,18598,94226131,CLX5
2025-09-24 19:30:01.109114159+00:00,160,1,432669,A,B,64.79,2,26,8058566314879,128,18113,94226160,CLX5
2025-09-24 19:30:01.209105749+00:00,160,1,432669,A,B,64.78,2,26,8058566314889,128,19915,94226178,CLX5
2025-09-24 19:30:01.428712711+00:00,160,1,432669,C,A,64.83,1,26,8058566314750,128,19424,94226201,CLX5
2025-09-24 19:30:01.428872449+00:00,160,1,432669,A,B,64.82,1,26,8058566314905,128,19012,94226202,CLX5
2025-09-24 19:30:01.428896965+00:00,160,1,432669,C,B,64.81,1,26,8058566305478,128,15269,94226204,CLX5
2025-09-24 19:30:01.520251767+00:00,160,1,432669,A,B,64.81,2,26,8058566314917,128,14201,94226237,CLX5
2025-09-24 19:30:01.520252517+00:00,160,1,432669,A,B,64.82,2,26,8058566314921,128,15835,94226243,CLX5
2025-09-24 19:30:01.520256521+00:00,160,1,432669,C,A,64.83,1,26,8058566314835,128,15656,94226258,CLX5
2025-09-24 19:30:01.520257787+00:00,160,1,432669,A,B,64.82,1,26,8058566314930,128,15752,94226261,CLX5
2025-09-24 19:30:01.520260877+00:00,160,1,432669,C,B,64.78,2,26,8058566314889,128,14398,94226265,CLX5
2025-09-24 19:30:01.520262395+00:00,160,1,432669,C,A,64.83,1,26,8058566314818,128,21996,94226267,CLX5
2025-09-24 19:30:01.520287201+00:00,160,1,432669,C,A,64.83,1,26,8058566314841,128,15919,94226272,CLX5
2025-09-24 19:30:01.520306361+00:00,160,1,432669,C,A,64.83,2,26,8058566314816,128,15816,94226273,CLX5
2025-09-24 19:30:01.520813257+00:00,160,1,432669,C,A,64.83,1,26,8058566314832,128,16313,94226305,CLX5
2025-09-24 19:30:01.520910061+00:00,160,1,432669,C,A,64.86,1,26,8058566314803,128,14948,94226314,CLX5
2025-09-24 19:30:01.521103337+00:00,160,1,432669,A,B,64.82,1,26,8058566314950,128,18808,94226317,CLX5
2025-09-24 19:30:01.570616551+00:00,160,1,432669,A,B,64.82,5,26,8058566314979,128,16695,94226457,CLX5
2025-09-24 19:30:01.570820793+00:00,160,1,432669,C,A,64.83,1,26,8058566314728,128,19086,94226464,CLX5
2025-09-24 19:30:01.595505643+00:00,160,1,432669,C,A,64.83,2,26,8058566314726,128,20253,94226492,CLX5
2025-09-24 19:30:01.609133719+00:00,160,1,432669,C,B,64.79,2,26,8058566314879,128,19097,94226499,CLX5
2025-09-24 19:30:01.709117843+00:00,160,1,432669,A,B,64.8,2,26,8058566314994,128,18388,94226522,CLX5
2025-09-24 19:30:01.709121643+00:00,160,1,432669,A,B,64.79,2,26,8058566314995,128,15047,94226523,CLX5
2025-09-24 19:30:01.989038983+00:00,160,1,432669,T,B,64.83,6,26,8058566315004,0,18677,94226565,CLX5
2025-09-24 19:30:01.989038983+00:00,160,1,432669,F,A,64.83,2,26,8058566314696,0,18677,94226565,CLX5
2025-09-24 19:30:01.989038983+00:00,160,1,432669,F,A,64.83,1,26,8058566314722,0,18677,94226565,CLX5
2025-09-24 19:30:01.989038983+00:00,160,1,432669,F,A,64.83,3,26,8058566314782,0,18677,94226565,CLX5
2025-09-24 19:30:01.989038983+00:00,160,1,432669,C,A,64.83,2,26,8058566314696,0,14729,94226566,CLX5
2025-09-24 19:30:01.989038983+00:00,160,1,432669,C,A,64.83,1,26,8058566314722,0,14729,94226566,CLX5
2025-09-24 19:30:01.989038983+00:00,160,1,432669,C,A,64.83,3,26,8058566314782,128,14729,94226566,CLX5
2025-09-24 19:30:01.989510781+00:00,160,1,432669,A,A,64.84,1,26,8058566315040,128,17112,94226680,CLX5
2025-09-24 19:30:01.989676893+00:00,160,1,432669,A,A,64.84,1,26,8058566315047,128,16068,94226693,CLX5
2025-09-24 19:30:01.989678831+00:00,160,1,432669,C,A,64.84,1,26,8058566314633,128,17600,94226694,CLX5
2025-09-24 19:30:01.989680309+00:00,160,1,432669,A,B,64.83,1,26,8058566315049,128,15019,94226696,CLX5
2025-09-24 19:30:01.989682979+00:00,160,1,432669,C,A,64.84,1,26,8058566315040,128,14906,94226699,CLX5
2025-09-24 19:30:01.990074353+00:00,160,1,432669,A,B,64.83,1,26,8058566315054,128,14792,94226713,CLX5
2025-09-24 19:30:01.990086833+00:00,160,1,432669,A,B,64.8,1,26,8058566315055,128,15597,94226718,CLX5
2025-09-24 19:30:01.990581979+00:00,160,1,432669,A,B,64.83,2,26,8058566315063,128,14858,94226792,CLX5
2025-09-24 19:30:01.990663443+00:00,160,1,432669,A,B,64.83,2,26,8058566315072,128,17830,94226809,CLX5
2025-09-24 19:30:01.992375909+00:00,160,1,432669,A,A,64.84,1,26,8058566315091,128,15276,94226878,CLX5
2025-09-24 19:30:01.992439325+00:00,160,1,432669,C,A,64.84,1,26,8058566315047,128,19253,94226880,CLX5
2025-09-24 19:30:01.992828837+00:00,160,1,432669,A,A,64.84,1,26,8058566315093,128,15261,94226882,CLX5
2025-09-24 19:30:01.993073167+00:00,160,1,432669,M,B,64.82,3,26,8058566311409,128,16564,94226883,CLX5
2025-09-24 19:30:01.993193947+00:00,160,1,432669,A,B,64.83,1,26,8058566315094,128,17064,94226893,CLX5
2025-09-24 19:30:01.993741199+00:00,160,1,432669,M,B,64.82,4,26,8058566314979,128,19057,94226951,CLX5
2025-09-24 19:30:01.994019741+00:00,160,1,432669,C,B,64.83,2,26,8058566315072,128,20656,94226958,CLX5
2025-09-24 19:30:01.994179823+00:00,160,1,432669,C,B,64.83,2,26,8058566315063,128,15272,94226971,CLX5
2025-09-24 19:30:01.994252301+00:00,160,1,432669,C,B,64.83,1,26,8058566315054,128,17072,94226979,CLX5
2025-09-24 19:30:01.994868461+00:00,160,1,432669,M,B,64.82,2,26,8058566314979,128,15543,94227013,CLX5
2025-09-24 19:30:01.995116741+00:00,160,1,432669,A,A,64.84,1,26,8058566315118,128,19024,94227015,CLX5
2025-09-24 19:30:01.995276709+00:00,160,1,432669,C,B,64.82,2,26,8058566314979,128,15628,94227017,CLX5
2025-09-24 19:30:01.996057499+00:00,160,1,432669,T,A,64.83,2,26,8058566315122,0,14803,94227026,CLX5
2025-09-24 19:30:01.996057499+00:00,160,1,432669,F,B,64.83,1,26,8058566315049,0,14803,94227026,CLX5
2025-09-24 19:30:01.996057499+00:00,160,1,432669,F,B,64.83,1,26,8058566315094,0,14803,94227026,CLX5
2025-09-24 19:30:01.996057499+00:00,160,1,432669,C,B,64.83,1,26,8058566315049,0,18792,94227027,CLX5
2025-09-24 19:30:01.996057499+00:00,160,1,432669,C,B,64.83,1,26,8058566315094,128,18792,94227027,CLX5
2025-09-24 19:30:01.996058557+00:00,160,1,432669,A,A,64.83,1,26,8058566315123,128,18920,94227029,CLX5
2025-09-24 19:30:01.996884869+00:00,160,1,432669,M,A,64.85,1,26,8058566305433,128,15606,94227052,CLX5
2025-09-24 19:30:01.998271511+00:00,160,1,432669,A,B,64.82,1,26,8058566315140,128,16846,94227072,CLX5
2025-09-24 19:30:01.998525359+00:00,160,1,432669,C,B,64.82,1,26,8058566314853,128,15172,94227088,CLX5
2025-09-24 19:30:01.998569921+00:00,160,1,432669,A,A,64.83,1,26,8058566315148,128,14810,94227089,CLX5
2025-09-24 19:30:01.998586701+00:00,160,1,432669,C,B,64.82,1,26,8058566314930,128,15269,94227092,CLX5
2025-09-24 19:30:01.998588265+00:00,160,1,432669,A,A,64.83,2,26,8058566315151,128,14056,94227097,CLX5
2025-09-24 19:30:01.998588583+00:00,160,1,432669,C,B,64.82,1,26,8058566315140,128,15152,94227099,CLX5
2025-09-24 19:30:01.998606747+00:00,160,1,432669,A,A,64.83,1,26,8058566315154,128,17019,94227102,CLX5
2025-09-24 19:30:01.998641785+00:00,160,1,432669,A,A,64.83,2,26,8058566315156,128,20083,94227104,CLX5
2025-09-24 19:30:01.998641959+00:00,160,1,432669,A,A,64.83,1,26,8058566315157,128,16745,94227105,CLX5
2025-09-24 19:30:01.998716489+00:00,160,1,432669,M,B,63.67,4,26,8058566311409,128,15950,94227109,CLX5
2025-09-24 19:30:02.000081375+00:00,160,1,432669,C,B,64.82,2,26,8058566314921,128,15624,94227145,CLX5
2025-09-24 19:30:02.006982915+00:00,160,1,432669,M,A,64.84,1,26,8058566305433,128,18580,94227215,CLX5
2025-09-24 19:30:02.048374791+00:00,160,1,432669,A,B,64.82,5,26,8058566315208,128,18773,94227254,CLX5
2025-09-24 19:30:02.048525369+00:00,160,1,432669,C,A,64.83,2,26,8058566315156,128,19932,94227255,CLX5
2025-09-24 19:30:02.048525667+00:00,160,1,432669,C,A,64.83,1,26,8058566315157,128,15444,94227258,CLX5
2025-09-24 19:30:02.048530765+00:00,160,1,432669,C,A,64.84,1,26,8058566315118,128,18744,94227259,CLX5
2025-09-24 19:30:02.170807581+00:00,160,1,432669,C,B,64.8,1,26,8058566315055,128,19416,94227364,CLX5
2025-09-24 19:30:04.437985893+00:00,160,1,432669,C,A,65.06,1,26,8058566310050,128,23267,94227584,CLX5
2025-09-24 19:30:04.547585373+00:00,160,1,432669,A,A,65.05,1,26,8058566315368,128,24132,94227586,CLX5
2025-09-24 19:30:05.511573591+00:00,160,1,432669,C,A,64.97,1,26,8058566060211,128,20633,94227591,CLX5
2025-09-24 19:30:11.344915535+00:00,160,1,432669,T,A,64.82,1,26,8058566315605,0,18462,94228164,CLX5
2025-09-24 19:30:11.344915535+00:00,160,1,432669,F,B,64.82,1,26,8058566312886,0,18462,94228164,CLX5
2025-09-24 19:30:11.344915535+00:00,160,1,432669,M,B,64.82,2,26,8058566312886,128,15642,94228165,CLX5
2025-09-24 19:30:11.345289727+00:00,160,1,432669,T,B,64.83,5,26,8058566315609,0,17271,94228169,CLX5
2025-09-24 19:30:11.345289727+00:00,160,1,432669,F,A,64.83,1,26,8058566315123,0,17271,94228169,CLX5
2025-09-24 19:30:11.345289727+00:00,160,1,432669,F,A,64.83,1,26,8058566315148,0,17271,94228169,CLX5
2025-09-24 19:30:11.345289727+00:00,160,1,432669,F,A,64.83,2,26,8058566315151,0,17271,94228169,CLX5
2025-09-24 19:30:11.345289727+00:00,160,1,432669,F,A,64.83,1,26,8058566315154,0,17271,94228169,CLX5
2025-09-24 19:30:11.345289727+00:00,160,1,432669,C,A,64.83,1,26,8058566315123,0,15268,94228170,CLX5
2025-09-24 19:30:11.345289727+00:00,160,1,432669,C,A,64.83,1,26,8058566315148,0,15268,94228170,CLX5
2025-09-24 19:30:11.345289727+00:00,160,1,432669,C,A,64.83,2,26,8058566315151,0,15268,94228170,CLX5
2025-09-24 19:30:11.345289727+00:00,160,1,432669,C,A,64.83,1,26,8058566315154,128,15268,94228170,CLX5
2025-09-24 19:30:11.345300899+00:00,160,1,432669,A,B,64.83,2,26,8058566315610,128,17521,94228173,CLX5
2025-09-24 19:30:11.345639399+00:00,160,1,432669,A,B,64.82,2,26,8058566315615,128,15632,94228190,CLX5
2025-09-24 19:30:11.345665491+00:00,160,1,432669,A,B,64.82,1,26,8058566315620,128,15812,94228202,CLX5
2025-09-24 19:30:11.345669083+00:00,160,1,432669,A,A,64.84,1,26,8058566315621,128,15744,94228203,CLX5
2025-09-24 19:30:11.345712415+00:00,160,1,432669,A,B,64.83,2,26,8058566315625,128,14878,94228214,CLX5
2025-09-24 19:30:11.345726027+00:00,160,1,432669,A,B,64.83,1,26,8058566315626,128,17306,94228222,CLX5
2025-09-24 19:30:11.345763599+00:00,160,1,432669,A,B,64.82,3,26,8058566315628,128,15081,94228230,CLX5
2025-09-24 19:30:11.345784681+00:00,160,1,432669,A,B,64.83,2,26,8058566315630,128,17189,94228236,CLX5
2025-09-24 19:30:11.345784857+00:00,160,1,432669,A,B,64.83,1,26,8058566315631,128,19409,94228237,CLX5
2025-09-24 19:30:11.345818393+00:00,160,1,432669,A,B,64.83,1,26,8058566315632,128,19333,94228241,CLX5
2025-09-24 19:30:11.345942247+00:00,160,1,432669,C,A,64.84,1,26,8058566308520,128,15090,94228246,CLX5
2025-09-24 19:30:11.347058333+00:00,160,1,432669,M,B,64.82,3,26,8058566311409,128,15672,94228289,CLX5
2025-09-24 19:30:11.347763287+00:00,160,1,432669,A,B,64.83,1,26,8058566315658,128,19582,94228324,CLX5
2025-09-24 19:30:11.347779357+00:00,160,1,432669,M,B,64.82,4,26,8058566315208,128,15345,94228325,CLX5
2025-09-24 19:30:11.347812149+00:00,160,1,432669,M,B,64.82,3,26,8058566315208,128,14285,94228326,CLX5
2025-09-24 19:30:11.347900715+00:00,160,1,432669,M,B,64.82,2,26,8058566315208,128,18396,94228328,CLX5
2025-09-24 19:30:11.349191685+00:00,160,1,432669,A,B,64.82,1,26,8058566315665,128,17625,94228369,CLX5
2025-09-24 19:30:11.349237975+00:00,160,1,432669,A,B,64.82,1,26,8058566315666,128,19059,94228375,CLX5
2025-09-24 19:30:11.349265735+00:00,160,1,432669,A,B,64.82,1,26,8058566315667,128,15187,94228376,CLX5
2025-09-24 19:30:11.349752685+00:00,160,1,432669,M,B,64.82,1,26,8058566315208,128,15202,94228382,CLX5
2025-09-24 19:30:11.350671805+00:00,160,1,432669,A,B,64.8,1,26,8058566315674,128,18315,94228400,CLX5
2025-09-24 19:30:11.351820395+00:00,160,1,432669,A,B,64.83,1,26,8058566315677,128,15710,94228416,CLX5
2025-09-24 19:30:11.352872567+00:00,160,1,432669,C,B,64.82,1,26,8058566315208,128,18406,94228440,CLX5
2025-09-24 19:30:11.358220549+00:00,160,1,432669,M,A,64.85,1,26,8058566305433,128,18947,94228454,CLX5
2025-09-24 19:30:11.358364387+00:00,160,1,432669,C,A,64.84,1,26,8058566315621,128,14463,94228458,CLX5
2025-09-24 19:30:11.358370973+00:00,160,1,432669,C,B,64.83,1,26,8058566315658,128,14987,94228460,CLX5
2025-09-24 19:30:11.375423527+00:00,160,1,432669,A,A,64.85,1,26,8058566315687,128,21093,94228485,CLX5
2025-09-24 19:30:11.375575659+00:00,160,1,432669,C,B,64.83,1,26,8058566315677,128,19595,94228486,CLX5
2025-09-24 19:30:11.375730733+00:00,160,1,432669,C,B,64.82,1,26,8058566315667,128,15286,94228488,CLX5
2025-09-24 19:30:11.375743711+00:00,160,1,432669,C,B,64.82,1,26,8058566315666,128,15363,94228491,CLX5
2025-09-24 19:30:11.375747841+00:00,160,1,432669,C,B,64.82,1,26,8058566315665,128,14511,94228492,CLX5
2025-09-24 19:30:11.378000477+00:00,160,1,432669,T,A,64.83,1,26,8058566315688,0,18968,94228493,CLX5
2025-09-24 19:30:11.378000477+00:00,160,1,432669,F,B,64.83,1,26,8058566315610,0,18968,94228493,CLX5
2025-09-24 19:30:11.378000477+00:00,160,1,432669,M,B,64.83,1,26,8058566315610,128,16221,94228494,CLX5
2025-09-24 19:30:11.378298849+00:00,160,1,432669,A,A,64.84,1,26,8058566315689,128,15411,94228496,CLX5
2025-09-24 19:30:11.440910343+00:00,160,1,432669,M,A,64.84,1,26,8058566305433,128,19405,94228532,CLX5
2025-09-24 19:30:11.441056851+00:00,160,1,432669,C,A,64.84,1,26,8058566315689,128,15136,94228536,CLX5
2025-09-24 19:30:12.379732257+00:00,160,1,432669,A,A,64.84,1,26,8058566315833,128,18608,94228933,CLX5
2025-09-24 19:30:12.379874253+00:00,160,1,432669,C,B,64.83,1,26,8058566315631,128,16187,94228936,CLX5
2025-09-24 19:30:12.379906393+00:00,160,1,432669,A,A,64.84,1,26,8058566315834,128,18184,94228937,CLX5
2025-09-24 19:30:12.380046181+00:00,160,1,432669,C,B,64.83,2,26,8058566315625,128,20467,94228938,CLX5
2025-09-24 19:30:12.380046489+00:00,160,1,432669,C,B,64.83,2,26,8058566315630,128,13977,94228939,CLX5
2025-09-24 19:30:12.380081259+00:00,160,1,432669,A,A,64.84,1,26,8058566315835,128,15752,94228941,CLX5
2025-09-24 19:30:12.400009653+00:00,160,1,432669,C,B,64.83,1,26,8058566315632,128,19615,94228953,CLX5
2025-09-24 19:30:12.417761345+00:00,160,1,432669,T,A,64.83,2,26,8058566315841,0,19067,94228966,CLX5
2025-09-24 19:30:12.417761345+00:00,160,1,432669,F,B,64.83,1,26,8058566315610,0,19067,94228966,CLX5
2025-09-24 19:30:12.417761345+00:00,160,1,432669,F,B,64.83,1,26,8058566315626,0,19067,94228966,CLX5
2025-09-24 19:30:12.417761345+00:00,160,1,432669,C,B,64.83,1,26,8058566315610,0,15132,94228967,CLX5
2025-09-24 19:30:12.417761345+00:00,160,1,432669,C,B,64.83,1,26,8058566315626,128,15132,94228967,CLX5
2025-09-24 19:30:12.418339603+00:00,160,1,432669,M,B,63.67,4,26,8058566311409,128,15700,94228998,CLX5
2025-09-24 19:30:12.418517177+00:00,160,1,432669,C,B,64.8,1,26,8058566315674,128,17349,94229007,CLX5
2025-09-24 19:30:12.426480909+00:00,160,1,432669,A,A,64.83,3,26,8058566315883,128,18449,94229113,CLX5
2025-09-24 19:30:12.426705675+00:00,160,1,432669,A,A,64.84,1,26,8058566315884,128,18319,94229117,CLX5
2025-09-24 19:30:12.426715503+00:00,160,1,432669,A,A,64.83,1,26,8058566315889,128,22674,94229124,CLX5
2025-09-24 19:30:12.437533037+00:00,160,1,432669,M,B,64.82,1,26,8058566314284,128,18058,94229185,CLX5
2025-09-24 19:30:12.437720383+00:00,160,1,432669,C,A,64.84,1,26,8058566315835,128,15091,94229187,CLX5
2025-09-24 19:30:12.437731729+00:00,160,1,432669,C,A,64.84,1,26,8058566315834,128,17250,94229188,CLX5
2025-09-24 19:30:12.437735837+00:00,160,1,432669,C,A,64.84,1,26,8058566315833,128,15089,94229189,CLX5
2025-09-24 19:30:13.344934115+00:00,160,1,432669,T,A,64.82,1,26,8058566316000,0,19190,94229380,CLX5
2025-09-24 19:30:13.344934115+00:00,160,1,432669,F,B,64.82,1,26,8058566312886,0,19190,94229380,CLX5
2025-09-24 19:30:13.344934115+00:00,160,1,432669,M,B,64.82,1,26,8058566312886,128,15553,94229381,CLX5
2025-09-24 19:30:16.285865443+00:00,160,1,432669,T,B,64.83,2,26,8058566316025,0,30218,94229430,CLX5
2025-09-24 19:30:16.285865443+00:00,160,1,432669,F,A,64.83,2,26,8058566315883,0,30218,94229430,CLX5
2025-09-24 19:30:16.285865443+00:00,160,1,432669,M,A,64.83,1,26,8058566315883,128,17154,94229431,CLX5
2025-09-24 19:30:16.286205099+00:00,160,1,432669,T,B,64.83,2,26,8058566316030,0,18009,94229442,CLX5
2025-09-24 19:30:16.286205099+00:00,160,1,432669,F,A,64.83,1,26,8058566315883,0,18009,94229442,CLX5
2025-09-24 19:30:16.286205099+00:00,160,1,432669,F,A,64.83,1,26,8058566315889,0,18009,94229442,CLX5
2025-09-24 19:30:16.286205099+00:00,160,1,432669,C,A,64.83,1,26,8058566315883,0,18009,94229442,CLX5
2025-09-24 19:30:16.286205099+00:00,160,1,432669,C,A,64.83,1,26,8058566315889,128,18009,94229442,CLX5
2025-09-24 19:30:16.286627765+00:00,160,1,432669,A,A,64.84,1,26,8058566316031,128,17653,94229451,CLX5
2025-09-24 19:30:16.286665111+00:00,160,1,432669,A,B,64.82,1,26,8058566316035,128,17971,94229464,CLX5
2025-09-24 19:30:16.741276793+00:00,160,1,432669,M,A,64.98,1,26,8058566157942,128,18144,94229534,CLX5
2025-09-24 19:30:17.199058545+00:00,160,1,432669,A,A,64.84,1,26,8058566316078,128,19354,94229566,CLX5
2025-09-24 19:30:18.148699065+00:00,160,1,432669,C,A,64.85,1,26,8058566315687,128,17877,94229661,CLX5
2025-09-24 19:30:18.162002195+00:00,160,1,432669,A,A,64.84,1,26,8058566316117,128,18580,94229678,CLX5
2025-09-24 19:30:18.162164485+00:00,160,1,432669,C,A,64.84,1,26,8058566316031,128,18707,94229679,CLX5
2025-09-24 19:30:19.837502365+00:00,160,1,432669,A,A,64.83,2,26,8058566316187,128,18053,94229828,CLX5
2025-09-24 19:30:19.837721525+00:00,160,1,432669,A,A,64.83,1,26,8058566316189,128,14899,94229837,CLX5
2025-09-24 19:30:19.837866499+00:00,160,1,432669,C,A,64.84,1,26,8058566316117,128,15724,94229847,CLX5
2025-09-24 19:30:19.838199851+00:00,160,1,432669,A,A,64.84,1,26,8058566316194,128,15108,94229852,CLX5
2025-09-24 19:30:19.888333355+00:00,160,1,432669,A,A,64.83,1,26,8058566316199,128,18299,94229864,CLX5
2025-09-24 19:30:19.888509371+00:00,160,1,432669,T,B,64.83,4,26,8058566316200,0,17487,94229866,CLX5
2025-09-24 19:30:19.888509371+00:00,160,1,432669,F,A,64.83,2,26,8058566316187,0,17487,94229866,CLX5
2025-09-24 19:30:19.888509371+00:00,160,1,432669,F,A,64.83,1,26,8058566316189,0,17487,94229866,CLX5
2025-09-24 19:30:19.888509371+00:00,160,1,432669,F,A,64.83,1,26,8058566316199,0,17487,94229866,CLX5
2025-09-24 19:30:19.888509371+00:00,160,1,432669,C,A,64.83,2,26,8058566316187,0,14732,94229867,CLX5
2025-09-24 19:30:19.888509371+00:00,160,1,432669,C,A,64.83,1,26,8058566316189,0,14732,94229867,CLX5
2025-09-24 19:30:19.888509371+00:00,160,1,432669,C,A,64.83,1,26,8058566316199,128,14732,94229867,CLX5
2025-09-24 19:30:19.888519355+00:00,160,1,432669,A,B,64.83,1,26,8058566316201,128,18306,94229870,CLX5
2025-09-24 19:30:19.888537633+00:00,160,1,432669,C,A,64.84,1,26,8058566316194,128,19329,94229872,CLX5
2025-09-24 19:30:19.888878841+00:00,160,1,432669,A,A,64.84,1,26,8058566316205,128,16034,94229884,CLX5
2025-09-24 19:30:19.889468581+00:00,160,1,432669,A,B,64.8,1,26,8058566316211,128,15339,94229921,CLX5
2025-09-24 19:30:21.275960883+00:00,160,1,432669,M,B,64.82,3,26,8058566311409,128,21306,94230276,CLX5
2025-09-24 19:30:21.331750457+00:00,160,1,432669,T,A,64.83,1,26,8058566316343,0,19092,94230277,CLX5
2025-09-24 19:30:21.331750457+00:00,160,1,432669,F,B,64.83,1,26,8058566316201,0,19092,94230277,CLX5
2025-09-24 19:30:21.331750457+00:00,160,1,432669,C,B,64.83,1,26,8058566316201,128,14871,94230278,CLX5
2025-09-24 19:30:21.332074441+00:00,160,1,432669,C,A,64.84,1,26,8058566316205,128,18575,94230287,CLX5
2025-09-24 19:30:21.332281715+00:00,160,1,432669,M,B,63.67,4,26,8058566311409,128,14584,94230295,CLX5
2025-09-24 19:30:21.332291967+00:00,160,1,432669,A,A,64.84,1,26,8058566316347,128,18603,94230296,CLX5
2025-09-24 19:30:21.332320613+00:00,160,1,432669,A,A,64.84,1,26,8058566316348,128,15156,94230297,CLX5
2025-09-24 19:30:21.332383911+00:00,160,1,432669,A,A,64.84,1,26,8058566316349,128,15364,94230301,CLX5
2025-09-24 19:30:21.332504215+00:00,160,1,432669,A,A,64.84,1,26,8058566316350,128,14403,94230302,CLX5
2025-09-24 19:30:21.332574715+00:00,160,1,432669,C,A,64.84,1,26,8058566316350,128,16048,94230303,CLX5
2025-09-24 19:30:21.332585887+00:00,160,1,432669,C,B,64.8,1,26,8058566316211,128,18119,94230304,CLX5
2025-09-24 19:30:21.782172409+00:00,160,1,432669,C,A,64.84,1,26,8058566316349,128,20495,94230334,CLX5
2025-09-24 19:30:21.782185215+00:00,160,1,432669,C,A,64.84,1,26,8058566316348,128,15954,94230335,CLX5
2025-09-24 19:30:21.782195715+00:00,160,1,432669,C,A,64.84,1,26,8058566316347,128,15415,94230336,CLX5
2025-09-24 19:30:22.403122069+00:00,160,1,432669,A,A,64.84,1,26,8058566316388,128,17892,94230413,CLX5
2025-09-24 19:30:24.859102505+00:00,160,1,432669,C,A,64.84,1,26,8058566316388,128,16265,94230694,CLX5
2025-09-24 19:30:24.859417101+00:00,160,1,432669,A,A,64.84,1,26,8058566316473,128,15658,94230703,CLX5
2025-09-24 19:30:24.859617117+00:00,160,1,432669,C,A,64.84,1,26,8058566316473,128,18734,94230708,CLX5
2025-09-24 19:30:26.085376981+00:00,160,1,432669,A,A,64.84,1,26,8058566316525,128,19154,94230849,CLX5
2025-09-24 19:30:26.548911745+00:00,160,1,432669,A,B,64.83,1,26,8058566316563,128,14288,94230963,CLX5
2025-09-24 19:30:26.549751747+00:00,160,1,432669,C,A,64.84,1,26,8058566315093,128,18901,94231077,CLX5
2025-09-24 19:30:26.549847723+00:00,160,1,432669,A,B,64.83,1,26,8058566316595,128,18424,94231083,CLX5
2025-09-24 19:30:26.550275577+00:00,160,1,432669,A,B,64.8,1,26,8058566316599,128,15206,94231111,CLX5
2025-09-24 19:30:26.554982479+00:00,160,1,432669,A,A,64.84,1,26,8058566316632,128,15525,94231274,CLX5
2025-09-24 19:30:26.555320749+00:00,160,1,432669,C,A,64.84,1,26,8058566316525,128,15690,94231290,CLX5
2025-09-24 19:30:26.558515853+00:00,160,1,432669,M,A,64.85,1,26,8058566305433,128,16903,94231310,CLX5
2025-09-24 19:30:26.558648449+00:00,160,1,432669,A,A,64.84,1,26,8058566316638,128,15071,94231318,CLX5
2025-09-24 19:30:26.558900393+00:00,160,1,432669,C,A,64.84,1,26,8058566316638,128,18674,94231319,CLX5
2025-09-24 19:30:26.605007351+00:00,160,1,432669,T,A,64.83,2,26,8058566316656,0,17915,94231354,CLX5
2025-09-24 19:30:26.605007351+00:00,160,1,432669,F,B,64.83,1,26,8058566316563,0,17915,94231354,CLX5
2025-09-24 19:30:26.605007351+00:00,160,1,432669,F,B,64.83,1,26,8058566316595,0,17915,94231354,CLX5
2025-09-24 19:30:26.605007351+00:00,160,1,432669,C,B,64.83,1,26,8058566316563,0,15160,94231355,CLX5
2025-09-24 19:30:26.605007351+00:00,160,1,432669,C,B,64.83,1,26,8058566316595,128,15160,94231355,CLX5
2025-09-24 19:30:26.605268729+00:00,160,1,432669,A,A,64.84,1,26,8058566316659,128,16068,94231360,CLX5
2025-09-24 19:30:26.605402105+00:00,160,1,432669,A,A,64.84,1,26,8058566316661,128,18880,94231366,CLX5
2025-09-24 19:30:26.605454809+00:00,160,1,432669,A,A,64.84,1,26,8058566316662,128,15304,94231367,CLX5
2025-09-24 19:30:26.605625583+00:00,160,1,432669,C,A,64.84,1,26,8058566316659,128,19313,94231370,CLX5
2025-09-24 19:30:26.605647971+00:00,160,1,432669,A,A,64.84,1,26,8058566316665,128,15381,94231372,CLX5
2025-09-24 19:30:26.611007663+00:00,160,1,432669,C,A,64.84,1,26,8058566316665,128,18582,94231384,CLX5
2025-09-24 19:30:26.611017819+00:00,160,1,432669,C,A,64.84,1,26,8058566316662,128,14568,94231385,CLX5
2025-09-24 19:30:26.611022485+00:00,160,1,432669,C,A,64.84,1,26,8058566316661,128,15611,94231386,CLX5
2025-09-24 19:30:26.611190555+00:00,160,1,432669,A,A,64.84,1,26,8058566316669,128,19006,94231387,CLX5
2025-09-24 19:30:26.730941647+00:00,160,1,432669,C,B,64.8,1,26,8058566316599,128,19268,94231483,CLX5
2025-09-24 19:30:31.742717865+00:00,160,1,432669,M,A,64.84,1,26,8058566305433,128,19346,94232040,CLX5
2025-09-24 19:30:32.242934813+00:00,160,1,432669,M,A,64.85,1,26,8058566305433,128,18665,94232086,CLX5
2025-09-24 19:30:34.352561815+00:00,160,1,432669,T,B,64.84,1,26,8058566317039,0,21344,94232193,CLX5
2025-09-24 19:30:34.352561815+00:00,160,1,432669,F,A,64.84,1,26,8058566274047,0,21344,94232193,CLX5
2025-09-24 19:30:34.352561815+00:00,160,1,432669,C,A,64.84,1,26,8058566274047,128,18157,94232194,CLX5
2025-09-24 19:30:34.352881711+00:00,160,1,432669,A,B,64.83,2,26,8058566317040,128,24452,94232195,CLX5
2025-09-24 19:30:34.352888449+00:00,160,1,432669,C,A,64.84,1,26,8058566316669,128,22207,94232206,CLX5
2025-09-24 19:30:34.352911315+00:00,160,1,432669,C,B,64.83,2,26,8058566317040,128,19567,94232210,CLX5
2025-09-24 19:30:34.353178837+00:00,160,1,432669,A,A,64.84,1,26,8058566317050,128,15363,94232229,CLX5
2025-09-24 19:30:34.353194773+00:00,160,1,432669,A,A,64.84,1,26,8058566317051,128,17367,94232232,CLX5
2025-09-24 19:30:34.353203431+00:00,160,1,432669,A,B,64.83,1,26,8058566317052,128,15216,94232234,CLX5
2025-09-24 19:30:34.353257323+00:00,160,1,432669,T,A,64.83,1,26,8058566317053,0,18451,94232237,CLX5
2025-09-24 19:30:34.353257323+00:00,160,1,432669,F,B,64.83,1,26,8058566317052,0,18451,94232237,CLX5
2025-09-24 19:30:34.353257323+00:00,160,1,432669,C,B,64.83,1,26,8058566317052,128,18451,94232237,CLX5
2025-09-24 19:30:34.353257515+00:00,160,1,432669,A,A,64.83,2,26,8058566317054,128,18697,94232240,CLX5
2025-09-24 19:30:34.353257695+00:00,160,1,432669,A,A,64.83,1,26,8058566317055,128,15093,94232243,CLX5
2025-09-24 19:30:34.353626773+00:00,160,1,432669,A,A,64.83,2,26,8058566317060,128,18376,94232264,CLX5
2025-09-24 19:30:34.353693797+00:00,160,1,432669,A,B,64.8,1,26,8058566317062,128,17381,94232269,CLX5
2025-09-24 19:30:34.353983435+00:00,160,1,432669,C,B,64.82,1,26,8058566315620,128,15864,94232277,CLX5
2025-09-24 19:30:34.354009525+00:00,160,1,432669,A,A,64.83,1,26,8058566317067,128,19709,94232279,CLX5
2025-09-24 19:30:34.354553247+00:00,160,1,432669,T,B,64.83,5,26,8058566317077,0,15212,94232300,CLX5
2025-09-24 19:30:34.354553247+00:00,160,1,432669,F,A,64.83,2,26,8058566317054,0,15212,94232300,CLX5
2025-09-24 19:30:34.354553247+00:00,160,1,432669,F,A,64.83,1,26,8058566317055,0,15212,94232300,CLX5
2025-09-24 19:30:34.354553247+00:00,160,1,432669,F,A,64.83,2,26,8058566317060,0,15212,94232300,CLX5
2025-09-24 19:30:34.354553247+00:00,160,1,432669,C,A,64.83,2,26,8058566317054,0,15263,94232301,CLX5
2025-09-24 19:30:34.354553247+00:00,160,1,432669,C,A,64.83,1,26,8058566317055,0,15263,94232301,CLX5
2025-09-24 19:30:34.354553247+00:00,160,1,432669,C,A,64.83,2,26,8058566317060,128,15263,94232301,CLX5
2025-09-24 19:30:34.354565303+00:00,160,1,432669,T,B,64.83,1,26,8058566317078,0,15080,94232307,CLX5
2025-09-24 19:30:34.354565303+00:00,160,1,432669,F,A,64.83,1,26,8058566317067,0,15080,94232307,CLX5
2025-09-24 19:30:34.354565303+00:00,160,1,432669,A,B,64.83,1,26,8058566317078,0,15080,94232307,CLX5
2025-09-24 19:30:34.354565303+00:00,160,1,432669,C,A,64.83,1,26,8058566317067,128,15080,94232307,CLX5
2025-09-24 19:30:34.354577225+00:00,160,1,432669,T,A,64.83,1,26,8058566317079,0,15111,94232315,CLX5
2025-09-24 19:30:34.354577225+00:00,160,1,432669,F,B,64.83,1,26,8058566317078,0,15111,94232315,CLX5
2025-09-24 19:30:34.354577225+00:00,160,1,432669,C,B,64.83,1,26,8058566317078,0,15111,94232315,CLX5
2025-09-24 19:30:34.354577225+00:00,160,1,432669,A,A,64.83,1,26,8058566317079,128,15111,94232315,CLX5
2025-09-24 19:30:34.355479989+00:00,160,1,432669,A,B,64.82,1,26,8058566317092,128,15110,94232367,CLX5
2025-09-24 19:30:34.355488515+00:00,160,1,432669,T,B,64.83,1,26,8058566317094,0,15295,94232370,CLX5
2025-09-24 19:30:34.355488515+00:00,160,1,432669,F,A,64.83,1,26,8058566317079,0,15295,94232370,CLX5
2025-09-24 19:30:34.355488515+00:00,160,1,432669,C,A,64.83,1,26,8058566317079,128,18636,94232371,CLX5
2025-09-24 19:30:34.355612407+00:00,160,1,432669,A,B,64.83,1,26,8058566317099,128,16335,94232387,CLX5
2025-09-24 19:30:34.355620259+00:00,160,1,432669,C,B,64.82,1,26,8058566317092,128,15743,94232392,CLX5
2025-09-24 19:30:34.355768437+00:00,160,1,432669,T,A,64.83,1,26,8058566317105,0,14612,94232405,CLX5
2025-09-24 19:30:34.355768437+00:00,160,1,432669,F,B,64.83,1,26,8058566317099,0,14612,94232405,CLX5
2025-09-24 19:30:34.355768437+00:00,160,1,432669,C,B,64.83,1,26,8058566317099,128,18553,94232406,CLX5
2025-09-24 19:30:34.356145569+00:00,160,1,432669,A,B,64.82,1,26,8058566317107,128,14873,94232411,CLX5
2025-09-24 19:30:34.356268135+00:00,160,1,432669,A,A,64.83,1,26,8058566317112,128,14900,94232428,CLX5
2025-09-24 19:30:34.356549441+00:00,160,1,432669,T,B,64.83,1,26,8058566317113,0,14843,94232434,CLX5
2025-09-24 19:30:34.356549441+00:00,160,1,432669,F,A,64.83,1,26,8058566317112,0,14843,94232434,CLX5
2025-09-24 19:30:34.356549441+00:00,160,1,432669,C,A,64.83,1,26,8058566317112,128,19733,94232435,CLX5
2025-09-24 19:30:34.357618719+00:00,160,1,432669,A,B,64.82,1,26,8058566317120,128,14449,94232459,CLX5
2025-09-24 19:30:34.474947355+00:00,160,1,432669,M,A,64.84,1,26,8058566305433,128,18784,94232537,CLX5
2025-09-24 19:30:34.475133509+00:00,160,1,432669,C,B,64.82,1,26,8058566317120,128,14279,94232547,CLX5
2025-09-24 19:30:34.475496181+00:00,160,1,432669,C,B,64.82,1,26,8058566317107,128,15152,94232549,CLX5
2025-09-24 19:30:34.530989433+00:00,160,1,432669,C,B,64.8,1,26,8058566317062,128,20988,94232564,CLX5
2025-09-24 19:30:34.664047861+00:00,160,1,432669,A,A,64.84,1,26,8058566317159,128,18363,94232595,CLX5
2025-09-24 19:30:34.668204035+00:00,160,1,432669,T,A,64.82,1,26,8058566317160,0,18374,94232596,CLX5
2025-09-24 19:30:34.668204035+00:00,160,1,432669,F,B,64.82,1,26,8058566312886,0,18374,94232596,CLX5
2025-09-24 19:30:34.668204035+00:00,160,1,432669,C,B,64.82,1,26,8058566312886,128,15157,94232597,CLX5
2025-09-24 19:30:34.668483209+00:00,160,1,432669,A,A,64.83,2,26,8058566317162,128,18082,94232602,CLX5
2025-09-24 19:30:34.668486167+00:00,160,1,432669,A,A,64.83,2,26,8058566317163,128,15061,94232605,CLX5
2025-09-24 19:30:34.668771869+00:00,160,1,432669,A,A,64.83,1,26,8058566317168,128,21374,94232613,CLX5
2025-09-24 19:30:34.668810613+00:00,160,1,432669,C,A,64.83,2,26,8058566317162,128,18787,94232616,CLX5
2025-09-24 19:30:34.670471551+00:00,160,1,432669,A,A,64.83,1,26,8058566317181,128,21681,94232650,CLX5
2025-09-24 19:30:35.012777673+00:00,160,1,432669,C,A,64.83,1,26,8058566317181,128,20425,94232711,CLX5
2025-09-24 19:30:35.013741873+00:00,160,1,432669,A,B,64.82,1,26,8058566317207,128,18271,94232723,CLX5
2025-09-24 19:30:35.013916623+00:00,160,1,432669,C,A,64.83,1,26,8058566317168,128,21523,94232725,CLX5
2025-09-24 19:30:35.792971665+00:00,160,1,432669,A,A,64.83,1,26,8058566317233,128,17935,94232801,CLX5
2025-09-24 19:30:35.792978729+00:00,160,1,432669,C,B,64.8,2,26,8058566314994,128,14125,94232803,CLX5
2025-09-24 19:30:35.793021813+00:00,160,1,432669,A,A,64.83,2,26,8058566317236,128,14833,94232816,CLX5
2025-09-24 19:30:35.793096729+00:00,160,1,432669,A,A,64.83,1,26,8058566317237,128,15718,94232818,CLX5
2025-09-24 19:30:35.793345549+00:00,160,1,432669,C,A,64.83,2,26,8058566317236,128,28341,94232820,CLX5
2025-09-24 19:30:35.909236227+00:00,160,1,432669,A,B,64.8,2,26,8058566317244,128,19600,94232844,CLX5
2025-09-24 19:30:40.215027601+00:00,160,1,432669,T,B,64.83,4,26,8058566317319,0,22552,94233005,CLX5
2025-09-24 19:30:40.215027601+00:00,160,1,432669,F,A,64.83,2,26,8058566317163,0,22552,94233005,CLX5
2025-09-24 19:30:40.215027601+00:00,160,1,432669,F,A,64.83,1,26,8058566317233,0,22552,94233005,CLX5
2025-09-24 19:30:40.215027601+00:00,160,1,432669,F,A,64.83,1,26,8058566317237,0,22552,94233005,CLX5
2025-09-24 19:30:40.215027601+00:00,160,1,432669,A,B,64.83,1,26,8058566317319,0,18558,94233006,CLX5
2025-09-24 19:30:40.215027601+00:00,160,1,432669,C,A,64.83,2,26,8058566317163,0,18558,94233006,CLX5
2025-09-24 19:30:40.215027601+00:00,160,1,432669,C,A,64.83,1,26,8058566317233,0,18558,94233006,CLX5
2025-09-24 19:30:40.215027601+00:00,160,1,432669,C,A,64.83,1,26,8058566317237,128,18558,94233006,CLX5
2025-09-24 19:30:40.215364969+00:00,160,1,432669,C,A,64.84,1,26,8058566317051,128,23066,94233011,CLX5
2025-09-24 19:30:40.215431147+00:00,160,1,432669,A,B,64.82,1,26,8058566317325,128,18595,94233018,CLX5
2025-09-24 19:30:40.215531809+00:00,160,1,432669,A,A,64.84,1,26,8058566317329,128,15334,94233038,CLX5
2025-09-24 19:30:40.216071441+00:00,160,1,432669,A,B,64.8,1,26,8058566317334,128,14830,94233053,CLX5
2025-09-24 19:30:40.223683751+00:00,160,1,432669,M,A,64.85,1,26,8058566305433,128,18750,94233140,CLX5
2025-09-24 19:30:40.223877549+00:00,160,1,432669,A,A,64.84,1,26,8058566317358,128,15834,94233145,CLX5
2025-09-24 19:30:40.224031063+00:00,160,1,432669,A,A,64.84,1,26,8058566317359,128,18728,94233148,CLX5
2025-09-24 19:30:40.224187999+00:00,160,1,432669,A,A,64.84,1,26,8058566317360,128,19542,94233150,CLX5
2025-09-24 19:30:40.250747799+00:00,160,1,432669,T,A,64.83,1,26,8058566317365,0,20121,94233160,CLX5
2025-09-24 19:30:40.250747799+00:00,160,1,432669,F,B,64.83,1,26,8058566317319,0,20121,94233160,CLX5
2025-09-24 19:30:40.250747799+00:00,160,1,432669,C,B,64.83,1,26,8058566317319,128,15268,94233161,CLX5
2025-09-24 19:30:40.251011865+00:00,160,1,432669,C,A,64.84,1,26,8058566317329,128,18331,94233170,CLX5
2025-09-24 19:30:40.251212171+00:00,160,1,432669,C,B,64.82,1,26,8058566317325,128,16226,94233174,CLX5
2025-09-24 19:30:40.258672731+00:00,160,1,432669,M,A,64.84,1,26,8058566305433,128,19287,94233184,CLX5
2025-09-24 19:30:40.258846963+00:00,160,1,432669,C,A,64.84,1,26,8058566317360,128,18355,94233185,CLX5
2025-09-24 19:30:40.258853297+00:00,160,1,432669,C,A,64.84,1,26,8058566317359,128,14960,94233186,CLX5
2025-09-24 19:30:40.258864069+00:00,160,1,432669,C,A,64.84,1,26,8058566317358,128,15396,94233187,CLX5
2025-09-24 19:30:40.259073475+00:00,160,1,432669,A,A,64.84,1,26,8058566317370,128,14274,94233192,CLX5
2025-09-24 19:30:40.259221845+00:00,160,1,432669,C,A,64.84,1,26,8058566317370,128,18422,94233193,CLX5
2025-09-24 19:30:40.315972029+00:00,160,1,432669,A,A,64.84,1,26,8058566317376,128,18546,94233209,CLX5
2025-09-24 19:30:40.401023607+00:00,160,1,432669,C,B,64.8,1,26,8058566317334,128,18227,94233228,CLX5
2025-09-24 19:30:44.709674249+00:00,160,1,432669,A,A,64.89,2,26,8058566317481,128,26222,94233446,CLX5
2025-09-24 19:30:45.016880903+00:00,160,1,432669,C,A,64.84,1,26,8058566317376,128,21578,94233463,CLX5
2025-09-24 19:30:45.750889213+00:00,160,1,432669,A,A,64.83,2,26,8058566317514,128,13889,94233533,CLX5
2025-09-24 19:30:45.751074985+00:00,160,1,432669,A,A,64.83,2,26,8058566317579,128,18500,94233672,CLX5
2025-09-24 19:30:45.751276441+00:00,160,1,432669,A,A,64.83,2,26,8058566317601,128,16915,94233720,CLX5
2025-09-24 19:30:45.751875933+00:00,160,1,432669,C,B,64.8,2,26,8058566317244,128,14801,94233809,CLX5
2025-09-24 19:30:45.751893137+00:00,160,1,432669,A,A,64.83,1,26,8058566317631,128,16920,94233815,CLX5
2025-09-24 19:30:45.752273873+00:00,160,1,432669,A,A,64.83,1,26,8058566317639,128,16998,94233842,CLX5
2025-09-24 19:30:45.752431941+00:00,160,1,432669,A,A,64.83,1,26,8058566317644,128,20342,94233882,CLX5
2025-09-24 19:30:45.752529241+00:00,160,1,432669,A,A,64.83,1,26,8058566317646,128,16014,94233902,CLX5
2025-09-24 19:30:45.752534177+00:00,160,1,432669,C,B,64.79,2,26,8058566314995,128,15047,94233905,CLX5
2025-09-24 19:30:45.753051767+00:00,160,1,432669,C,B,64.81,2,26,8058566314917,128,17581,94233958,CLX5
2025-09-24 19:30:45.753052517+00:00,160,1,432669,C,B,64.82,1,26,8058566316035,128,15318,94233959,CLX5
2025-09-24 19:30:45.753052813+00:00,160,1,432669,C,B,64.82,1,26,8058566317207,128,15445,94233962,CLX5
2025-09-24 19:30:45.753052965+00:00,160,1,432669,A,A,64.83,2,26,8058566317660,128,16046,94233964,CLX5
2025-09-24 19:30:45.753053291+00:00,160,1,432669,A,A,64.83,2,26,8058566317661,128,18730,94233966,CLX5
2025-09-24 19:30:45.753053467+00:00,160,1,432669,A,A,64.83,1,26,8058566317662,128,15352,94233967,CLX5
2025-09-24 19:30:45.753166923+00:00,160,1,432669,C,B,64.82,2,26,8058566315615,128,15424,94233991,CLX5
2025-09-24 19:30:45.753277013+00:00,160,1,432669,A,A,64.83,1,26,8058566317666,128,14490,94234006,CLX5
2025-09-24 19:30:45.753279603+00:00,160,1,432669,A,A,64.83,1,26,8058566317667,128,15791,94234007,CLX5
2025-09-24 19:30:45.754296083+00:00,160,1,432669,A,A,64.83,1,26,8058566317696,128,16146,94234104,CLX5
2025-09-24 19:30:45.754477305+00:00,160,1,432669,A,A,64.86,1,26,8058566317700,128,14108,94234120,CLX5
2025-09-24 19:30:45.754761373+00:00,160,1,432669,T,B,64.83,4,26,8058566317705,0,18328,94234132,CLX5
2025-09-24 19:30:45.754761373+00:00,160,1,432669,F,A,64.83,2,26,8058566317514,0,18328,94234132,CLX5
2025-09-24 19:30:45.754761373+00:00,160,1,432669,F,A,64.83,2,26,8058566317579,0,18328,94234132,CLX5
2025-09-24 19:30:45.754761373+00:00,160,1,432669,C,A,64.83,2,26,8058566317514,0,16877,94234133,CLX5
2025-09-24 19:30:45.754761373+00:00,160,1,432669,C,A,64.83,2,26,8058566317579,128,16877,94234133,CLX5
2025-09-24 19:30:45.754772663+00:00,160,1,432669,T,B,64.83,1,26,8058566317706,0,14279,94234134,CLX5
2025-09-24 19:30:45.754772663+00:00,160,1,432669,F,A,64.83,1,26,8058566317601,0,14279,94234134,CLX5
2025-09-24 19:30:45.754772663+00:00,160,1,432669,M,A,64.83,1,26,8058566317601,128,14279,94234134,CLX5
2025-09-24 19:30:45.754824865+00:00,160,1,432669,C,A,64.83,2,26,8058566317660,128,15634,94234138,CLX5
2025-09-24 19:30:45.754825019+00:00,160,1,432669,C,A,64.83,1,26,8058566317662,128,16012,94234139,CLX5
2025-09-24 19:30:45.755656113+00:00,160,1,432669,M,A,64.94,1,26,8058565075241,128,14546,94234191,CLX5
2025-09-24 19:30:45.756128623+00:00,160,1,432669,C,A,64.83,1,26,8058566317601,128,16321,94234213,CLX5
2025-09-24 19:30:45.756190905+00:00,160,1,432669,C,A,64.83,1,26,8058566317639,128,16102,94234218,CLX5
2025-09-24 19:30:45.757133873+00:00,160,1,432669,C,A,64.83,2,26,8058566317661,128,15396,94234275,CLX5
2025-09-24 19:30:45.757785507+00:00,160,1,432669,A,B,64.82,2,26,8058566317765,128,15175,94234317,CLX5
2025-09-24 19:30:45.757913817+00:00,160,1,432669,A,B,64.82,2,26,8058566317770,128,18419,94234334,CLX5
2025-09-24 19:30:45.758296247+00:00,160,1,432669,C,A,64.83,1,26,8058566317666,128,16947,94234359,CLX5
2025-09-24 19:30:45.758890365+00:00,160,1,432669,A,B,64.82,2,26,8058566317788,128,14995,94234378,CLX5
2025-09-24 19:30:45.758937863+00:00,160,1,432669,C,A,64.83,1,26,8058566317667,128,17204,94234380,CLX5
2025-09-24 19:30:45.758938687+00:00,160,1,432669,A,B,64.82,1,26,8058566317789,128,15104,94234381,CLX5
2025-09-24 19:30:45.758941299+00:00,160,1,432669,T,B,64.83,2,26,8058566317790,0,15223,94234382,CLX5
2025-09-24 19:30:45.758941299+00:00,160,1,432669,F,A,64.83,1,26,8058566317631,0,15223,94234382,CLX5
2025-09-24 19:30:45.758941299+00:00,160,1,432669,F,A,64.83,1,26,8058566317644,0,15223,94234382,CLX5
2025-09-24 19:30:45.758941299+00:00,160,1,432669,C,A,64.83,1,26,8058566317631,0,18250,94234383,CLX5
2025-09-24 19:30:45.758941299+00:00,160,1,432669,C,A,64.83,1,26,8058566317644,128,18250,94234383,CLX5
2025-09-24 19:30:45.758962573+00:00,160,1,432669,T,B,64.83,2,26,8058566317794,0,17000,94234387,CLX5
2025-09-24 19:30:45.758962573+00:00,160,1,432669,F,A,64.83,1,26,8058566317646,0,17000,94234387,CLX5
2025-09-24 19:30:45.758962573+00:00,160,1,432669,F,A,64.83,1,26,8058566317696,0,17000,94234387,CLX5
2025-09-24 19:30:45.758962573+00:00,160,1,432669,C,A,64.83,1,26,8058566317646,0,15005,94234388,CLX5
2025-09-24 19:30:45.758962573+00:00,160,1,432669,C,A,64.83,1,26,8058566317696,128,15005,94234388,CLX5
2025-09-24 19:30:45.758962765+00:00,160,1,432669,A,B,64.83,2,26,8058566317795,128,17214,94234391,CLX5
2025-09-24 19:30:45.758962939+00:00,160,1,432669,A,B,64.83,1,26,8058566317796,128,16076,94234393,CLX5
2025-09-24 19:30:45.759126341+00:00,160,1,432669,M,A,64.84,3,26,8058566291196,128,15012,94234403,CLX5
2025-09-24 19:30:45.760400243+00:00,160,1,432669,M,A,64.95,1,26,8058565075241,128,14467,94234477,CLX5
2025-09-24 19:30:45.760426929+00:00,160,1,432669,M,B,63.66,4,26,8058566280404,128,15377,94234478,CLX5
2025-09-24 19:30:45.761173699+00:00,160,1,432669,C,B,64.82,1,26,8058566314950,128,15186,94234529,CLX5
2025-09-24 19:30:45.762101499+00:00,160,1,432669,A,B,64.82,2,26,8058566317866,128,14253,94234571,CLX5
2025-09-24 19:30:45.762158557+00:00,160,1,432669,A,B,64.83,1,26,8058566317869,128,21537,94234576,CLX5
2025-09-24 19:30:45.762237121+00:00,160,1,432669,A,B,64.83,1,26,8058566317871,128,17257,94234580,CLX5
2025-09-24 19:30:45.762996565+00:00,160,1,432669,A,B,64.83,3,26,8058566317882,128,19138,94234592,CLX5
2025-09-24 19:30:45.765297411+00:00,160,1,432669,C,A,64.84,3,26,8058566291196,128,15164,94234710,CLX5
2025-09-24 19:30:45.766320013+00:00,160,1,432669,C,B,64.83,3,26,8058566317882,128,16945,94234765,CLX5
2025-09-24 19:30:45.766350617+00:00,160,1,432669,T,A,64.83,1,26,8058566317951,0,14838,94234767,CLX5
2025-09-24 19:30:45.766350617+00:00,160,1,432669,F,B,64.83,1,26,8058566317795,0,14838,94234767,CLX5
2025-09-24 19:30:45.766350617+00:00,160,1,432669,M,B,64.83,1,26,8058566317795,128,20315,94234768,CLX5
2025-09-24 19:30:45.768750321+00:00,160,1,432669,A,A,64.84,1,26,8058566317974,128,15307,94234843,CLX5
2025-09-24 19:30:45.769217147+00:00,160,1,432669,M,B,64.82,3,26,8058566311409,128,15389,94234862,CLX5
2025-09-24 19:30:45.770177795+00:00,160,1,432669,C,A,64.84,1,26,8058566317974,128,14865,94234881,CLX5
2025-09-24 19:30:45.770904235+00:00,160,1,432669,M,B,64.81,3,26,8058566291224,128,14714,94234904,CLX5
2025-09-24 19:30:45.772435557+00:00,160,1,432669,A,B,64.82,1,26,8058566317999,128,15140,94234934,CLX5
2025-09-24 19:30:45.778876471+00:00,160,1,432669,A,A,64.84,1,26,8058566318116,128,18137,94235215,CLX5
2025-09-24 19:30:45.783146555+00:00,160,1,432669,C,A,64.84,1,26,8058566318116,128,15403,94235388,CLX5
2025-09-24 19:30:45.786195053+00:00,160,1,432669,A,B,64.83,1,26,8058566318242,128,20198,94235513,CLX5
2025-09-24 19:30:45.787674463+00:00,160,1,432669,C,A,64.84,1,26,8058566317050,128,15131,94235571,CLX5
2025-09-24 19:30:45.788485187+00:00,160,1,432669,C,A,64.84,2,26,8058566307924,128,15054,94235632,CLX5
2025-09-24 19:30:45.789246145+00:00,160,1,432669,A,B,64.83,2,26,8058566318303,128,16847,94235697,CLX5
2025-09-24 19:30:45.789578713+00:00,160,1,432669,C,A,64.84,1,26,8058566315884,128,19396,94235709,CLX5
2025-09-24 19:30:45.789821045+00:00,160,1,432669,A,B,64.83,2,26,8058566318310,128,17279,94235719,CLX5
2025-09-24 19:30:45.789822773+00:00,160,1,432669,C,A,64.84,1,26,8058566316632,128,15384,94235723,CLX5
2025-09-24 19:30:45.790262127+00:00,160,1,432669,C,A,64.84,1,26,8058566307926,128,15137,94235743,CLX5
2025-09-24 19:30:45.790401511+00:00,160,1,432669,A,B,64.83,1,26,8058566318320,128,15616,94235745,CLX5
2025-09-24 19:30:45.790405295+00:00,160,1,432669,A,A,64.84,1,26,8058566318321,128,18505,94235748,CLX5
2025-09-24 19:30:45.790414779+00:00,160,1,432669,A,B,64.83,1,26,8058566318322,128,14587,94235752,CLX5
2025-09-24 19:30:45.790698197+00:00,160,1,432669,A,B,64.83,1,26,8058566318327,128,15452,94235762,CLX5
2025-09-24 19:30:45.791252649+00:00,160,1,432669,C,B,64.83,1,26,8058566318322,128,15406,94235785,CLX5
2025-09-24 19:30:45.791253243+00:00,160,1,432669,A,B,64.81,2,26,8058566318334,128,18109,94235786,CLX5
2025-09-24 19:30:45.794987017+00:00,160,1,432669,M,A,64.85,1,26,8058566305433,128,19067,94235870,CLX5
2025-09-24 19:30:45.859588177+00:00,160,1,432669,C,A,64.84,1,26,8058566318321,128,18922,94236116,CLX5
2025-09-24 19:30:45.860225129+00:00,160,1,432669,C,A,64.84,1,26,8058566315091,128,18706,94236125,CLX5
2025-09-24 19:30:45.866180993+00:00,160,1,432669,A,B,64.83,1,26,8058566318496,128,19240,94236180,CLX5
2025-09-24 19:30:45.866301277+00:00,160,1,432669,C,B,64.83,1,26,8058566318496,128,18931,94236181,CLX5
2025-09-24 19:30:45.866328269+00:00,160,1,432669,C,A,64.84,1,26,8058566307925,128,15475,94236182,CLX5
2025-09-24 19:30:45.866437935+00:00,160,1,432669,A,A,64.84,1,26,8058566318497,128,18832,94236183,CLX5
2025-09-24 19:30:45.931051975+00:00,160,1,432669,C,A,64.86,1,26,8058566317700,128,18347,94236387,CLX5
2025-09-24 19:30:48.050076459+00:00,160,1,432669,C,B,64.83,1,26,8058566318320,128,19614,94237068,CLX5
2025-09-24 19:30:48.050281755+00:00,160,1,432669,A,B,64.83,1,26,8058566318949,128,18882,94237069,CLX5
2025-09-24 19:30:48.050420065+00:00,160,1,432669,C,A,64.84,1,26,8058566318497,128,19584,94237070,CLX5
2025-09-24 19:30:48.209303005+00:00,160,1,432669,A,B,64.79,2,26,8058566318951,128,18954,94237073,CLX5
2025-09-24 19:30:48.389115229+00:00,160,1,432669,T,A,64.83,1,26,8058566318952,0,20754,94237074,CLX5
2025-09-24 19:30:48.389115229+00:00,160,1,432669,F,B,64.83,1,26,8058566317795,0,20754,94237074,CLX5
2025-09-24 19:30:48.389115229+00:00,160,1,432669,C,B,64.83,1,26,8058566317795,128,15949,94237075,CLX5
2025-09-24 19:30:48.389445745+00:00,160,1,432669,C,B,64.83,2,26,8058566318310,128,20417,94237076,CLX5
2025-09-24 19:30:48.389452099+00:00,160,1,432669,A,A,64.84,1,26,8058566318953,128,15698,94237077,CLX5
2025-09-24 19:30:48.389467495+00:00,160,1,432669,C,B,64.83,1,26,8058566318949,128,16904,94237078,CLX5
2025-09-24 19:30:48.389586761+00:00,160,1,432669,A,B,64.83,1,26,8058566318954,128,16619,94237081,CLX5
2025-09-24 19:30:48.389629653+00:00,160,1,432669,A,B,64.83,1,26,8058566318955,128,16136,94237083,CLX5
2025-09-24 19:30:48.389714801+00:00,160,1,432669,T,A,64.83,3,26,8058566318956,0,17977,94237084,CLX5
2025-09-24 19:30:48.389714801+00:00,160,1,432669,F,B,64.83,1,26,8058566317796,0,17977,94237084,CLX5
2025-09-24 19:30:48.389714801+00:00,160,1,432669,F,B,64.83,1,26,8058566317869,0,17977,94237084,CLX5
2025-09-24 19:30:48.389714801+00:00,160,1,432669,F,B,64.83,1,26,8058566317871,0,17977,94237084,CLX5
2025-09-24 19:30:48.389714801+00:00,160,1,432669,C,B,64.83,1,26,8058566317796,0,17662,94237085,CLX5
2025-09-24 19:30:48.389714801+00:00,160,1,432669,C,B,64.83,1,26,8058566317869,0,17662,94237085,CLX5
2025-09-24 19:30:48.389714801+00:00,160,1,432669,C,B,64.83,1,26,8058566317871,128,17662,94237085,CLX5
2025-09-24 19:30:48.389987237+00:00,160,1,432669,C,B,64.83,1,26,8058566318955,128,20821,94237086,CLX5
2025-09-24 19:30:48.390004899+00:00,160,1,432669,A,A,64.84,1,26,8058566318957,128,14992,94237087,CLX5
2025-09-24 19:30:48.390009797+00:00,160,1,432669,C,B,64.83,1,26,8058566318954,128,17254,94237088,CLX5
2025-09-24 19:30:48.390206337+00:00,160,1,432669,C,A,64.84,1,26,8058566318957,128,18614,94237093,CLX5
2025-09-24 19:30:48.390333953+00:00,160,1,432669,A,B,64.83,1,26,8058566318958,128,21491,94237094,CLX5
2025-09-24 19:30:48.390561099+00:00,160,1,432669,C,B,64.79,2,26,8058566318951,128,18347,94237095,CLX5
2025-09-24 19:30:48.391909553+00:00,160,1,432669,A,A,64.84,1,26,8058566318959,128,19620,94237096,CLX5
2025-09-24 19:30:48.392053143+00:00,160,1,432669,C,A,64.84,1,26,8058566318959,128,18548,94237097,CLX5
2025-09-24 19:30:48.850939383+00:00,160,1,432669,A,B,64.83,1,26,8058566319024,128,20783,94237260,CLX5
2025-09-24 19:30:48.850939559+00:00,160,1,432669,A,B,64.83,1,26,8058566319025,128,15121,94237261,CLX5
2025-09-24 19:30:48.851135101+00:00,160,1,432669,A,B,64.83,1,26,8058566319028,128,16153,94237272,CLX5
2025-09-24 19:30:48.852078411+00:00,160,1,432669,A,B,64.83,1,26,8058566319037,128,14943,94237317,CLX5
2025-09-24 19:30:50.032046661+00:00,160,1,432669,M,A,64.84,1,26,8058566305433,128,22104,94237514,CLX5
2025-09-24 19:30:50.032235275+00:00,160,1,432669,C,B,64.83,1,26,8058566319037,128,19512,94237515,CLX5
2025-09-24 19:30:50.032394205+00:00,160,1,432669,C,B,64.83,1,26,8058566319028,128,19415,94237517,CLX5
2025-09-24 19:30:53.953166935+00:00,160,1,432669,A,A,64.84,1,26,8058566319282,128,22166,94237812,CLX5
2025-09-24 19:30:53.953180221+00:00,160,1,432669,A,A,64.84,1,26,8058566319284,128,23496,94237816,CLX5
2025-09-24 19:30:53.953191047+00:00,160,1,432669,C,B,64.83,1,26,8058566319024,128,20922,94237818,CLX5
2025-09-24 19:30:53.953191203+00:00,160,1,432669,C,B,64.83,1,26,8058566319025,128,23451,94237819,CLX5
2025-09-24 19:30:53.953192751+00:00,160,1,432669,C,B,64.81,2,26,8058566318334,128,14857,94237826,CLX5
2025-09-24 19:30:53.953472353+00:00,160,1,432669,C,A,64.84,1,26,8058566319284,128,18374,94237830,CLX5
2025-09-24 19:30:53.990313513+00:00,160,1,432669,A,B,64.81,2,26,8058566319302,128,15027,94237883,CLX5
2025-09-24 19:30:54.457330113+00:00,160,1,432669,T,B,64.84,4,26,8058566319345,0,18467,94237980,CLX5
2025-09-24 19:30:54.457330113+00:00,160,1,432669,F,A,64.84,1,26,8058566274057,0,18467,94237980,CLX5
2025-09-24 19:30:54.457330113+00:00,160,1,432669,F,A,64.84,1,26,8058566274071,0,18467,94237980,CLX5
2025-09-24 19:30:54.457330113+00:00,160,1,432669,F,A,64.84,2,26,8058566274087,0,18467,94237980,CLX5
2025-09-24 19:30:54.457330113+00:00,160,1,432669,C,A,64.84,1,26,8058566274057,0,15967,94237981,CLX5
2025-09-24 19:30:54.457330113+00:00,160,1,432669,C,A,64.84,1,26,8058566274071,0,15967,94237981,CLX5
2025-09-24 19:30:54.457330113+00:00,160,1,432669,C,A,64.84,2,26,8058566274087,128,15967,94237981,CLX5
2025-09-24 19:30:54.457662035+00:00,160,1,432669,A,B,64.83,1,26,8058566319347,128,16054,94237984,CLX5
2025-09-24 19:30:54.457673375+00:00,160,1,432669,C,A,64.84,1,26,8058566318953,128,15840,94237986,CLX5
2025-09-24 19:30:54.457673527+00:00,160,1,432669,A,B,64.83,1,26,8058566319348,128,20107,94237987,CLX5
2025-09-24 19:30:54.457673703+00:00,160,1,432669,A,B,64.83,2,26,8058566319349,128,15144,94237988,CLX5
2025-09-24 19:30:54.457677351+00:00,160,1,432669,A,B,64.83,1,26,8058566319351,128,15903,94237990,CLX5
2025-09-24 19:30:54.457677887+00:00,160,1,432669,C,A,64.84,1,26,8058566319282,128,18310,94237991,CLX5
2025-09-24 19:30:54.457679673+00:00,160,1,432669,A,B,64.83,1,26,8058566319352,128,15726,94237992,CLX5
2025-09-24 19:30:54.457691289+00:00,160,1,432669,A,B,64.83,1,26,8058566319353,128,15728,94237993,CLX5
2025-09-24 19:30:54.457761921+00:00,160,1,432669,A,B,64.83,2,26,8058566319354,128,18574,94237995,CLX5
2025-09-24 19:30:54.457954297+00:00,160,1,432669,A,A,64.84,1,26,8058566319355,128,15477,94237998,CLX5
2025-09-24 19:30:54.458028003+00:00,160,1,432669,C,B,64.83,1,26,8058566319352,128,15309,94237999,CLX5
2025-09-24 19:30:54.458037469+00:00,160,1,432669,C,B,64.83,2,26,8058566319354,128,18543,94238000,CLX5
2025-09-24 19:30:54.458153047+00:00,160,1,432669,C,B,64.83,1,26,8058566319353,128,15711,94238001,CLX5
2025-09-24 19:30:54.458335709+00:00,160,1,432669,A,A,64.84,1,26,8058566319356,128,15514,94238005,CLX5
2025-09-24 19:30:54.458343041+00:00,160,1,432669,A,A,64.84,2,26,8058566319357,128,15713,94238006,CLX5
2025-09-24 19:30:54.458370111+00:00,160,1,432669,A,A,64.84,1,26,8058566319358,128,15936,94238007,CLX5
2025-09-24 19:30:54.458370361+00:00,160,1,432669,A,B,64.83,1,26,8058566319359,128,20938,94238008,CLX5
2025-09-24 19:30:54.458428881+00:00,160,1,432669,C,A,64.84,1,26,8058566319358,128,15640,94238009,CLX5
2025-09-24 19:30:54.458459927+00:00,160,1,432669,A,A,64.84,1,26,8058566319360,128,15650,94238012,CLX5
2025-09-24 19:30:54.458566771+00:00,160,1,432669,A,A,64.84,1,26,8058566319361,128,19120,94238013,CLX5
2025-09-24 19:30:55.167788907+00:00,160,1,432669,C,B,64.83,1,26,8058566319359,128,15348,94238051,CLX5
2025-09-24 19:30:55.167953729+00:00,160,1,432669,C,B,64.83,1,26,8058566319351,128,19485,94238053,CLX5
2025-09-24 19:30:55.167984507+00:00,160,1,432669,C,A,64.84,1,26,8058566319361,128,15777,94238054,CLX5
2025-09-24 19:30:55.637730687+00:00,160,1,432669,A,A,64.85,1,26,8058566319376,128,14886,94238095,CLX5
2025-09-24 19:30:55.638719347+00:00,160,1,432669,C,B,64.83,1,26,8058566319347,128,16203,94238103,CLX5
2025-09-24 19:30:55.638770841+00:00,160,1,432669,C,B,64.83,1,26,8058566319348,128,19266,94238104,CLX5
2025-09-24 19:30:55.638908401+00:00,160,1,432669,A,A,64.84,1,26,8058566319377,128,18634,94238105,CLX5
2025-09-24 19:30:55.639147987+00:00,160,1,432669,C,B,64.83,2,26,8058566319349,128,21265,94238109,CLX5
2025-09-24 19:30:55.639415431+00:00,160,1,432669,A,A,64.84,1,26,8058566319383,128,15297,94238135,CLX5
2025-09-24 19:30:55.639760517+00:00,160,1,432669,C,A,64.84,1,26,8058566319383,128,15743,94238141,CLX5
2025-09-24 19:30:55.639922771+00:00,160,1,432669,A,A,64.84,1,26,8058566319390,128,15699,94238153,CLX5
2025-09-24 19:30:55.641202855+00:00,160,1,432669,T,A,64.83,1,26,8058566305433,0,18453,94238217,CLX5
2025-09-24 19:30:55.641202855+00:00,160,1,432669,F,A,64.83,1,26,8058566305433,0,18453,94238217,CLX5
2025-09-24 19:30:55.641202855+00:00,160,1,432669,F,B,64.83,1,26,8058566318242,0,18453,94238217,CLX5
2025-09-24 19:30:55.641202855+00:00,160,1,432669,C,B,64.83,1,26,8058566318242,0,15180,94238218,CLX5
2025-09-24 19:30:55.641202855+00:00,160,1,432669,C,A,64.84,1,26,8058566305433,128,15180,94238218,CLX5
2025-09-24 19:30:55.641454593+00:00,160,1,432669,C,B,64.83,2,26,8058566318303,128,18309,94238226,CLX5
2025-09-24 19:30:55.641487519+00:00,160,1,432669,T,A,64.83,2,26,8058566319415,0,15227,94238234,CLX5
2025-09-24 19:30:55.641487519+00:00,160,1,432669,F,B,64.83,1,26,8058566318327,0,15227,94238234,CLX5
2025-09-24 19:30:55.641487519+00:00,160,1,432669,F,B,64.83,1,26,8058566318958,0,15227,94238234,CLX5
2025-09-24 19:30:55.641487519+00:00,160,1,432669,C,B,64.83,1,26,8058566318327,0,15541,94238235,CLX5
2025-09-24 19:30:55.641487519+00:00,160,1,432669,C,B,64.83,1,26,8058566318958,128,15541,94238235,CLX5
2025-09-24 19:30:55.641909193+00:00,160,1,432669,A,A,64.84,2,26,8058566319423,128,15169,94238251,CLX5
2025-09-24 19:30:55.641968075+00:00,160,1,432669,A,A,64.84,2,26,8058566319432,128,15847,94238276,CLX5
2025-09-24 19:30:55.642113873+00:00,160,1,432669,C,B,64.82,3,26,8058566311409,128,19143,94238288,CLX5
2025-09-24 19:30:55.643016501+00:00,160,1,432669,C,B,64.82,2,26,8058566317866,128,18150,94238325,CLX5
2025-09-24 19:30:55.647121685+00:00,160,1,432669,A,A,64.83,1,26,8058566319448,128,18182,94238350,CLX5
2025-09-24 19:30:55.649459259+00:00,160,1,432669,T,B,64.83,1,26,8058566319450,0,18214,94238355,CLX5
2025-09-24 19:30:55.649459259+00:00,160,1,432669,F,A,64.83,1,26,8058566319448,0,18214,94238355,CLX5
2025-09-24 19:30:55.649459259+00:00,160,1,432669,C,A,64.83,1,26,8058566319448,128,15237,94238356,CLX5
2025-09-24 19:30:55.649742811+00:00,160,1,432669,A,B,64.83,1,26,8058566319451,128,15109,94238362,CLX5
2025-09-24 19:30:55.653268235+00:00,160,1,432669,A,B,64.83,1,26,8058566319466,128,14117,94238418,CLX5
2025-09-24 19:30:55.654141585+00:00,160,1,432669,T,A,64.83,1,26,8058566319475,0,18469,94238465,CLX5
2025-09-24 19:30:55.654141585+00:00,160,1,432669,F,B,64.83,1,26,8058566319451,0,18469,94238465,CLX5
2025-09-24 19:30:55.654141585+00:00,160,1,432669,C,B,64.83,1,26,8058566319451,128,14889,94238466,CLX5
2025-09-24 19:30:55.657484485+00:00,160,1,432669,A,B,64.83,1,26,8058566319482,128,14808,94238515,CLX5
2025-09-24 19:30:55.658954181+00:00,160,1,432669,A,A,64.84,1,26,8058566319483,128,19189,94238523,CLX5
2025-09-24 19:30:55.686992835+00:00,160,1,432669,T,A,64.83,1,26,8058566319488,0,18641,94238531,CLX5
2025-09-24 19:30:55.686992835+00:00,160,1,432669,F,B,64.83,1,26,8058566319466,0,18641,94238531,CLX5
2025-09-24 19:30:55.686992835+00:00,160,1,432669,C,B,64.83,1,26,8058566319466,128,14998,94238532,CLX5
2025-09-24 19:30:55.687251601+00:00,160,1,432669,C,B,64.83,1,26,8058566319482,128,17781,94238535,CLX5
2025-09-24 19:30:55.687446069+00:00,160,1,432669,A,A,64.84,1,26,8058566319490,128,15417,94238539,CLX5
2025-09-24 19:30:55.687606689+00:00,160,1,432669,A,A,64.84,1,26,8058566319491,128,18596,94238540,CLX5
2025-09-24 19:30:55.687754619+00:00,160,1,432669,A,A,64.84,1,26,8058566319492,128,18239,94238541,CLX5
2025-09-24 19:30:55.691332785+00:00,160,1,432669,M,A,64.83,1,26,8058566319483,128,18684,94238547,CLX5
2025-09-24 19:30:55.694647595+00:00,160,1,432669,A,B,63.68,4,26,8058566319508,128,14944,94238594,CLX5
2025-09-24 19:30:55.709349539+00:00,160,1,432669,C,A,64.84,1,26,8058566319492,128,18852,94238602,CLX5
2025-09-24 19:30:55.709361787+00:00,160,1,432669,C,A,64.84,1,26,8058566319491,128,15188,94238603,CLX5
2025-09-24 19:30:55.709366511+00:00,160,1,432669,C,A,64.84,1,26,8058566319490,128,15304,94238604,CLX5
2025-09-24 19:30:57.354646367+00:00,160,1,432669,T,B,64.83,1,26,8058566319640,0,19954,94238893,CLX5
2025-09-24 19:30:57.354646367+00:00,160,1,432669,F,A,64.83,1,26,8058566319483,0,19954,94238893,CLX5
2025-09-24 19:30:57.354646367+00:00,160,1,432669,C,A,64.83,1,26,8058566319483,128,15251,94238894,CLX5
2025-09-24 19:30:57.355927181+00:00,160,1,432669,A,B,64.82,1,26,8058566319652,128,15424,94238947,CLX5
2025-09-24 19:30:57.356293559+00:00,160,1,432669,A,B,64.82,1,26,8058566319654,128,18543,94238956,CLX5
2025-09-24 19:30:57.356469075+00:00,160,1,432669,A,B,64.82,1,26,8058566319657,128,14454,94238965,CLX5
2025-09-24 19:30:57.361690805+00:00,160,1,432669,A,A,64.83,1,26,8058566319663,128,18901,94238983,CLX5
2025-09-24 19:30:57.363882331+00:00,160,1,432669,T,B,64.83,1,26,8058566319667,0,18559,94238991,CLX5
2025-09-24 19:30:57.363882331+00:00,160,1,432669,F,A,64.83,1,26,8058566319663,0,18559,94238991,CLX5
2025-09-24 19:30:57.363882331+00:00,160,1,432669,C,A,64.83,1,26,8058566319663,128,14974,94238992,CLX5
2025-09-24 19:30:57.368438653+00:00,160,1,432669,A,A,64.83,1,26,8058566319669,128,17309,94238998,CLX5
2025-09-24 19:30:57.370259541+00:00,160,1,432669,T,B,64.83,1,26,8058566319671,0,18640,94239003,CLX5
2025-09-24 19:30:57.370259541+00:00,160,1,432669,F,A,64.83,1,26,8058566319669,0,18640,94239003,CLX5
2025-09-24 19:30:57.370259541+00:00,160,1,432669,C,A,64.83,1,26,8058566319669,128,14928,94239004,CLX5
2025-09-24 19:30:57.373558991+00:00,160,1,432669,A,B,64.83,2,26,8058566319675,128,13988,94239021,CLX5
2025-09-24 19:30:57.373575619+00:00,160,1,432669,A,B,64.83,2,26,8058566319676,128,17679,94239024,CLX5
2025-09-24 19:30:57.373916269+00:00,160,1,432669,A,B,64.83,1,26,8058566319680,128,17735,94239043,CLX5
2025-09-24 19:30:57.375002537+00:00,160,1,432669,T,A,64.83,1,26,8058566319682,0,18112,94239074,CLX5
2025-09-24 19:30:57.375002537+00:00,160,1,432669,F,B,64.83,1,26,8058566319675,0,18112,94239074,CLX5
2025-09-24 19:30:57.375002537+00:00,160,1,432669,M,B,64.83,1,26,8058566319675,128,18815,94239075,CLX5
2025-09-24 19:30:57.375223961+00:00,160,1,432669,C,B,64.83,1,26,8058566319675,128,14993,94239079,CLX5
2025-09-24 19:30:57.375425995+00:00,160,1,432669,T,A,64.83,1,26,8058566319685,0,18686,94239087,CLX5
2025-09-24 19:30:57.375425995+00:00,160,1,432669,F,B,64.83,1,26,8058566319676,0,18686,94239087,CLX5
2025-09-24 19:30:57.375425995+00:00,160,1,432669,M,B,64.83,1,26,8058566319676,128,15056,94239088,CLX5
2025-09-24 19:30:57.375655271+00:00,160,1,432669,T,A,64.83,1,26,8058566319686,0,17912,94239091,CLX5
2025-09-24 19:30:57.375655271+00:00,160,1,432669,F,B,64.83,1,26,8058566319680,0,17912,94239091,CLX5
2025-09-24 19:30:57.375655271+00:00,160,1,432669,C,B,64.83,1,26,8058566319680,0,15110,94239092,CLX5
2025-09-24 19:30:57.375655271+00:00,160,1,432669,C,B,64.83,1,26,8058566319676,128,15110,94239092,CLX5
2025-09-24 19:30:57.379779211+00:00,160,1,432669,A,A,64.84,1,26,8058566319697,128,18287,94239121,CLX5
2025-09-24 19:30:57.379937853+00:00,160,1,432669,C,B,64.82,1,26,8058566319657,128,18591,94239122,CLX5
2025-09-24 19:30:57.379952079+00:00,160,1,432669,C,B,64.82,1,26,8058566319654,128,15319,94239123,CLX5
2025-09-24 19:30:57.379959491+00:00,160,1,432669,A,A,64.84,1,26,8058566319698,128,14238,94239124,CLX5
2025-09-24 19:30:57.380091119+00:00,160,1,432669,C,B,64.82,1,26,8058566319652,128,18502,94239125,CLX5
2025-09-24 19:30:57.381902713+00:00,160,1,432669,M,A,64.83,1,26,8058566319697,128,17961,94239133,CLX5
2025-09-24 19:30:57.382081803+00:00,160,1,432669,A,A,64.83,1,26,8058566319702,128,15035,94239137,CLX5
2025-09-24 19:30:57.382105513+00:00,160,1,432669,A,A,64.84,1,26,8058566319703,128,17010,94239142,CLX5
2025-09-24 19:30:58.464385695+00:00,160,1,432669,A,A,64.83,1,26,8058566319805,128,13852,94239371,CLX5
2025-09-24 19:30:58.464686737+00:00,160,1,432669,T,B,64.83,3,26,8058566319809,0,17559,94239384,CLX5
2025-09-24 19:30:58.464686737+00:00,160,1,432669,F,A,64.83,1,26,8058566319697,0,17559,94239384,CLX5
2025-09-24 19:30:58.464686737+00:00,160,1,432669,F,A,64.83,1,26,8058566319702,0,17559,94239384,CLX5
2025-09-24 19:30:58.464686737+00:00,160,1,432669,F,A,64.83,1,26,8058566319805,0,17559,94239384,CLX5
2025-09-24 19:30:58.464686737+00:00,160,1,432669,C,A,64.83,1,26,8058566319697,0,17559,94239384,CLX5
2025-09-24 19:30:58.464686737+00:00,160,1,432669,C,A,64.83,1,26,8058566319702,0,17559,94239384,CLX5
2025-09-24 19:30:58.464686737+00:00,160,1,432669,C,A,64.83,1,26,8058566319805,128,17559,94239384,CLX5
2025-09-24 19:30:58.464698217+00:00,160,1,432669,A,B,64.83,1,26,8058566319810,128,15329,94239388,CLX5
2025-09-24 19:30:58.464726805+00:00,160,1,432669,C,A,64.84,1,26,8058566319703,128,17268,94239390,CLX5
2025-09-24 19:30:58.464739343+00:00,160,1,432669,C,A,64.84,1,26,8058566319698,128,15281,94239391,CLX5
2025-09-24 19:30:58.465037179+00:00,160,1,432669,C,B,64.82,1,26,8058566317789,128,14110,94239416,CLX5
2025-09-24 19:30:58.465041365+00:00,160,1,432669,T,A,64.83,1,26,8058566319818,0,14969,94239418,CLX5
2025-09-24 19:30:58.465041365+00:00,160,1,432669,F,B,64.83,1,26,8058566319810,0,14969,94239418,CLX5
2025-09-24 19:30:58.465041365+00:00,160,1,432669,C,B,64.83,1,26,8058566319810,128,18155,94239419,CLX5
2025-09-24 19:30:58.465425999+00:00,160,1,432669,M,B,64.82,3,26,8058566280404,128,15353,94239428,CLX5
2025-09-24 19:30:58.465640993+00:00,160,1,432669,A,B,64.82,1,26,8058566319820,128,18964,94239437,CLX5
2025-09-24 19:30:58.465792415+00:00,160,1,432669,A,B,64.82,1,26,8058566319823,128,15977,94239442,CLX5
2025-09-24 19:30:58.465936101+00:00,160,1,432669,M,B,63.67,4,26,8058566280404,128,18584,94239443,CLX5
2025-09-24 19:30:58.465937907+00:00,160,1,432669,A,B,64.82,1,26,8058566319824,128,15425,94239444,CLX5
2025-09-24 19:30:58.470650127+00:00,160,1,432669,A,A,64.83,1,26,8058566319829,128,18258,94239463,CLX5
2025-09-24 19:30:58.473420605+00:00,160,1,432669,T,B,64.83,1,26,8058566319831,0,18746,94239467,CLX5
2025-09-24 19:30:58.473420605+00:00,160,1,432669,F,A,64.83,1,26,8058566319829,0,18746,94239467,CLX5
2025-09-24 19:30:58.473420605+00:00,160,1,432669,C,A,64.83,1,26,8058566319829,128,15046,94239468,CLX5
2025-09-24 19:30:58.473436251+00:00,160,1,432669,A,B,64.82,1,26,8058566319832,128,14899,94239472,CLX5
2025-09-24 19:30:58.473806813+00:00,160,1,432669,A,B,64.83,1,26,8058566319837,128,15267,94239482,CLX5
2025-09-24 19:30:58.474113367+00:00,160,1,432669,C,B,64.82,1,26,8058566319832,128,14548,94239490,CLX5
2025-09-24 19:30:58.474588739+00:00,160,1,432669,M,B,64.82,3,26,8058566319508,128,15138,94239503,CLX5
2025-09-24 19:30:58.478143231+00:00,160,1,432669,T,A,64.83,1,26,8058566319845,0,18551,94239517,CLX5
2025-09-24 19:30:58.478143231+00:00,160,1,432669,F,B,64.83,1,26,8058566319837,0,18551,94239517,CLX5
2025-09-24 19:30:58.478143231+00:00,160,1,432669,C,B,64.83,1,26,8058566319837,128,15106,94239518,CLX5
2025-09-24 19:30:58.478574119+00:00,160,1,432669,M,B,63.66,4,26,8058566319508,128,14645,94239527,CLX5
2025-09-24 19:30:58.478780817+00:00,160,1,432669,C,B,64.82,1,26,8058566319824,128,18976,94239529,CLX5
2025-09-24 19:30:58.478792681+00:00,160,1,432669,C,B,64.82,1,26,8058566319823,128,15812,94239530,CLX5
2025-09-24 19:30:58.478799381+00:00,160,1,432669,A,A,64.84,1,26,8058566319849,128,14949,94239531,CLX5
2025-09-24 19:30:58.478936827+00:00,160,1,432669,A,A,64.84,1,26,8058566319850,128,18751,94239532,CLX5
2025-09-24 19:30:58.481922067+00:00,160,1,432669,A,B,63.68,4,26,8058566319851,128,18938,94239539,CLX5
2025-09-24 19:30:58.486295075+00:00,160,1,432669,A,A,64.84,1,26,8058566319856,128,18799,94239566,CLX5
2025-09-24 19:30:58.486460957+00:00,160,1,432669,A,B,64.82,1,26,8058566319857,128,18990,94239567,CLX5
2025-09-24 19:30:58.486469807+00:00,160,1,432669,C,A,64.84,1,26,8058566319850,128,15073,94239568,CLX5
2025-09-24 19:30:58.486478677+00:00,160,1,432669,C,A,64.84,1,26,8058566319849,128,14957,94239569,CLX5
2025-09-24 19:30:58.486621077+00:00,160,1,432669,A,B,64.82,1,26,8058566319858,128,19155,94239570,CLX5
2025-09-24 19:30:58.539721347+00:00,160,1,432669,M,A,64.83,1,26,8058566319856,128,18752,94239593,CLX5
2025-09-24 19:30:58.838643737+00:00,160,1,432669,C,B,64.82,1,26,8058566319858,128,18445,94239680,CLX5
2025-09-24 19:30:58.838656005+00:00,160,1,432669,C,B,64.82,1,26,8058566319857,128,15425,94239681,CLX5
2025-09-24 19:30:58.838658521+00:00,160,1,432669,C,B,64.82,1,26,8058566319820,128,15385,94239682,CLX5
2025-09-24 19:30:59.398960427+00:00,160,1,432669,A,A,64.83,2,26,8058566319927,128,15108,94239742,CLX5
2025-09-24 19:30:59.399015895+00:00,160,1,432669,A,A,64.83,2,26,8058566319928,128,14986,94239746,CLX5
2025-09-24 19:30:59.399016075+00:00,160,1,432669,A,A,64.83,1,26,8058566319929,128,21273,94239748,CLX5
2025-09-24 19:30:59.399020599+00:00,160,1,432669,A,A,64.83,2,26,8058566319930,128,17233,94239749,CLX5
2025-09-24 19:30:59.399185249+00:00,160,1,432669,A,A,64.83,1,26,8058566319932,128,16413,94239753,CLX5
2025-09-24 19:30:59.399191451+00:00,160,1,432669,C,B,64.82,2,26,8058566317788,128,15257,94239754,CLX5
2025-09-24 19:30:59.399435071+00:00,160,1,432669,A,A,64.83,1,26,8058566319933,128,19433,94239759,CLX5
2025-09-24 19:30:59.399755529+00:00,160,1,432669,C,B,64.82,2,26,8058566317770,128,16052,94239768,CLX5
2025-09-24 19:30:59.400465449+00:00,160,1,432669,A,A,64.86,1,26,8058566319952,128,15216,94239813,CLX5
2025-09-24 19:30:59.469152419+00:00,160,1,432669,A,A,64.83,1,26,8058566319972,128,16887,94239920,CLX5
2025-09-24 19:30:59.469161843+00:00,160,1,432669,A,A,64.83,2,26,8058566319973,128,15201,94239924,CLX5
2025-09-24 19:30:59.469164817+00:00,160,1,432669,C,B,64.81,2,26,8058566319302,128,14871,94239926,CLX5
2025-09-24 19:30:59.469165687+00:00,160,1,432669,A,A,64.83,1,26,8058566319974,128,15064,94239930,CLX5
2025-09-24 19:30:59.469169295+00:00,160,1,432669,A,A,64.83,2,26,8058566319976,128,15893,94239936,CLX5
2025-09-24 19:30:59.469172291+00:00,160,1,432669,C,B,64.82,2,26,8058566317765,128,19003,94239937,CLX5
2025-09-24 19:30:59.469517201+00:00,160,1,432669,C,B,64.82,3,26,8058566315628,128,15818,94239994,CLX5
2025-09-24 19:30:59.470263607+00:00,160,1,432669,C,B,64.82,1,26,8058566317999,128,15499,94240029,CLX5
2025-09-24 19:30:59.470294709+00:00,160,1,432669,M,A,64.94,1,26,8058565075241,128,15060,94240031,CLX5
2025-09-24 19:30:59.470602645+00:00,160,1,432669,C,B,64.82,1,26,8058566313296,128,15520,94240047,CLX5
2025-09-24 19:30:59.470847703+00:00,160,1,432669,A,A,64.83,1,26,8058566319992,128,18901,94240058,CLX5
2025-09-24 19:30:59.470849489+00:00,160,1,432669,C,B,64.82,1,26,8058566314905,128,16504,94240059,CLX5
2025-09-24 19:30:59.470850545+00:00,160,1,432669,C,B,64.79,1,26,8058566312959,128,14800,94240060,CLX5
2025-09-24 19:30:59.471700107+00:00,160,1,432669,A,A,64.83,1,26,8058566319995,128,15700,94240104,CLX5
2025-09-24 19:30:59.473859129+00:00,160,1,432669,C,B,64.82,2,26,8058566312953,128,16529,94240192,CLX5
2025-09-24 19:30:59.473915305+00:00,160,1,432669,A,A,64.83,2,26,8058566320018,128,15101,94240201,CLX5
2025-09-24 19:30:59.473938095+00:00,160,1,432669,M,B,64.8,1,26,8058566311303,128,16396,94240210,CLX5
2025-09-24 19:30:59.475313677+00:00,160,1,432669,C,B,64.82,1,26,8058566312891,128,17094,94240267,CLX5
2025-09-24 19:30:59.475522199+00:00,160,1,432669,A,A,64.86,2,26,8058566320040,128,15219,94240277,CLX5
2025-09-24 19:30:59.475840999+00:00,160,1,432669,C,B,64.82,3,26,8058566313288,128,15726,94240304,CLX5
2025-09-24 19:30:59.475851175+00:00,160,1,432669,A,B,64.79,1,26,8058566320052,128,15719,94240312,CLX5
2025-09-24 19:30:59.476077303+00:00,160,1,432669,M,B,64.81,1,26,8058566311303,128,19503,94240334,CLX5
2025-09-24 19:30:59.476237309+00:00,160,1,432669,C,B,64.82,1,26,8058566314163,128,18423,94240340,CLX5
2025-09-24 19:30:59.476663511+00:00,160,1,432669,M,A,64.84,1,26,8058566173085,128,15306,94240351,CLX5
2025-09-24 19:30:59.479177197+00:00,160,1,432669,C,A,64.84,1,26,8058566319390,128,14204,94240441,CLX5
2025-09-24 19:30:59.509402925+00:00,160,1,432669,C,A,64.88,2,26,8058566313101,128,18234,94240559,CLX5
2025-09-24 19:30:59.509403539+00:00,160,1,432669,A,B,64.79,2,26,8058566320130,128,14928,94240560,CLX5
2025-09-24 19:30:59.658776677+00:00,160,1,432669,A,B,64.82,2,26,8058566320217,128,18861,94240733,CLX5
2025-09-24 19:31:00.240421081+00:00,160,1,432669,A,B,64.82,1,26,8058566320267,128,18557,94240853,CLX5
2025-09-24 19:31:00.614666819+00:00,160,1,432669,T,A,64.82,1,26,8058566320272,0,29808,94240863,CLX5
2025-09-24 19:31:00.614666819+00:00,160,1,432669,F,B,64.82,1,26,8058566314839,0,29808,94240863,CLX5
2025-09-24 19:31:00.614666819+00:00,160,1,432669,C,B,64.82,1,26,8058566314839,128,27240,94240864,CLX5
2025-09-24 19:31:04.110602635+00:00,160,1,432669,T,A,64.82,1,26,8058566320426,0,21561,94241330,CLX5
2025-09-24 19:31:04.110602635+00:00,160,1,432669,F,B,64.82,1,26,8058566314284,0,21561,94241330,CLX5
2025-09-24 19:31:04.110602635+00:00,160,1,432669,C,B,64.82,1,26,8058566314284,128,15113,94241331,CLX5
2025-09-24 19:31:04.636080813+00:00,160,1,432669,C,A,65.05,1,26,8058566315368,128,21575,94241335,CLX5
2025-09-24 19:31:04.729895097+00:00,160,1,432669,A,A,65.04,1,26,8058566320427,128,18654,94241336,CLX5
2025-09-24 19:31:07.568020899+00:00,160,1,432669,A,B,64.82,2,26,8058566320436,128,20779,94241362,CLX5
2025-09-24 19:31:07.568196783+00:00,160,1,432669,A,B,64.82,2,26,8058566320438,128,24556,94241366,CLX5
2025-09-24 19:31:07.568342371+00:00,160,1,432669,C,A,64.83,2,26,8058566320018,128,22697,94241369,CLX5
2025-09-24 19:31:07.569165189+00:00,160,1,432669,C,A,64.83,1,26,8058566319992,128,18045,94241424,CLX5
2025-09-24 19:31:07.569174769+00:00,160,1,432669,A,B,64.82,1,26,8058566320455,128,20008,94241442,CLX5
2025-09-24 19:31:07.569950049+00:00,160,1,432669,C,B,64.82,1,26,8058566320455,128,15453,94241469,CLX5
2025-09-24 19:31:07.571171405+00:00,160,1,432669,C,B,64.82,2,26,8058566320438,128,17016,94241497,CLX5
2025-09-24 19:31:07.578347567+00:00,160,1,432669,A,B,64.82,1,26,8058566320468,128,16080,94241513,CLX5
2025-09-24 19:31:07.579759473+00:00,160,1,432669,C,B,64.82,1,26,8058566320468,128,20209,94241543,CLX5
2025-09-24 19:31:07.587196093+00:00,160,1,432669,A,A,64.83,1,26,8058566320480,128,19323,94241571,CLX5
2025-09-24 19:31:07.748813051+00:00,160,1,432669,A,B,64.82,1,26,8058566320502,128,16828,94241620,CLX5
2025-09-24 19:31:10.507189327+00:00,160,1,432669,T,A,64.82,1,26,8058566320525,0,19152,94241665,CLX5
2025-09-24 19:31:10.507189327+00:00,160,1,432669,F,B,64.82,1,26,8058566320217,0,19152,94241665,CLX5
2025-09-24 19:31:10.507189327+00:00,160,1,432669,M,B,64.82,1,26,8058566320217,128,17398,94241666,CLX5
2025-09-24 19:31:10.507581411+00:00,160,1,432669,C,B,64.82,1,26,8058566320502,128,20976,94241673,CLX5
2025-09-24 19:31:10.507935541+00:00,160,1,432669,C,B,64.82,1,26,8058566320217,128,14814,94241675,CLX5
2025-09-24 19:31:10.988307401+00:00,160,1,432669,C,B,64.81,4,26,8058566306863,128,18934,94241765,CLX5
2025-09-24 19:31:11.321858055+00:00,160,1,432669,A,B,64.82,2,26,8058566320558,128,21789,94241769,CLX5
2025-09-24 19:31:11.321858235+00:00,160,1,432669,A,B,64.82,1,26,8058566320559,128,17645,94241771,CLX5
2025-09-24 19:31:11.321894611+00:00,160,1,432669,A,B,64.82,2,26,8058566320560,128,16279,94241773,CLX5
2025-09-24 19:31:11.322084201+00:00,160,1,432669,A,B,64.82,1,26,8058566320562,128,15470,94241781,CLX5
2025-09-24 19:31:11.325366123+00:00,160,1,432669,C,A,64.83,1,26,8058566320480,128,19490,94241799,CLX5
2025-09-24 19:31:12.645224575+00:00,160,1,432669,A,A,64.83,1,26,8058566320580,128,18427,94241829,CLX5
2025-09-24 19:31:12.645400363+00:00,160,1,432669,C,B,64.82,2,26,8058566320560,128,19326,94241830,CLX5
2025-09-24 19:31:12.645448515+00:00,160,1,432669,C,B,64.82,1,26,8058566320562,128,16937,94241831,CLX5
2025-09-24 19:31:12.645583811+00:00,160,1,432669,C,B,64.82,2,26,8058566320436,128,21774,94241832,CLX5
2025-09-24 19:31:13.471040395+00:00,160,1,432669,C,A,64.84,1,26,8058566317159,128,22021,94241843,CLX5
2025-09-24 19:31:16.376961839+00:00,160,1,432669,T,A,64.82,1,26,8058566320602,0,18324,94241910,CLX5
2025-09-24 19:31:16.376961839+00:00,160,1,432669,F,B,64.82,1,26,8058566320267,0,18324,94241910,CLX5
2025-09-24 19:31:16.376961839+00:00,160,1,432669,C,B,64.82,1,26,8058566320267,128,16250,94241911,CLX5
2025-09-24 19:31:16.586003471+00:00,160,1,432669,T,A,64.82,1,26,8058566320607,0,19107,94241926,CLX5
2025-09-24 19:31:16.586003471+00:00,160,1,432669,F,B,64.82,1,26,8058566320558,0,19107,94241926,CLX5
2025-09-24 19:31:16.586003471+00:00,160,1,432669,M,B,64.82,1,26,8058566320558,128,16197,94241927,CLX5
2025-09-24 19:31:16.586298293+00:00,160,1,432669,A,A,64.83,2,26,8058566320608,128,20144,94241930,CLX5
2025-09-24 19:31:16.586305973+00:00,160,1,432669,A,A,64.83,1,26,8058566320609,128,14735,94241931,CLX5
2025-09-24 19:31:16.586318567+00:00,160,1,432669,A,A,64.83,1,26,8058566320610,128,15999,94241932,CLX5
2025-09-24 19:31:16.672749125+00:00,160,1,432669,A,B,64.82,1,26,8058566320612,128,18312,94241940,CLX5
2025-09-24 19:31:16.672935837+00:00,160,1,432669,C,A,64.83,1,26,8058566320610,128,15326,94241945,CLX5
2025-09-24 19:31:17.560932723+00:00,160,1,432669,A,A,64.83,1,26,8058566320622,128,19106,94241978,CLX5
2025-09-24 19:31:21.500102713+00:00,160,1,432669,T,A,64.82,1,26,8058566320634,0,24305,94242003,CLX5
2025-09-24 19:31:21.500102713+00:00,160,1,432669,F,B,64.82,1,26,8058566320558,0,24305,94242003,CLX5
2025-09-24 19:31:21.500102713+00:00,160,1,432669,C,B,64.82,1,26,8058566320558,128,18508,94242004,CLX5
2025-09-24 19:31:21.500407365+00:00,160,1,432669,C,B,64.82,1,26,8058566320559,128,22722,94242007,CLX5
2025-09-24 19:31:21.500407517+00:00,160,1,432669,C,B,64.82,1,26,8058566320612,128,18636,94242009,CLX5
2025-09-24 19:31:21.500616943+00:00,160,1,432669,A,B,64.81,2,26,8058566320639,128,18054,94242019,CLX5
2025-09-24 19:31:21.500628789+00:00,160,1,432669,A,A,64.83,3,26,8058566320640,128,18139,94242020,CLX5
2025-09-24 19:31:21.500663999+00:00,160,1,432669,A,A,64.83,1,26,8058566320641,128,22711,94242021,CLX5
2025-09-24 19:31:21.500840843+00:00,160,1,432669,C,A,64.83,1,26,8058566320609,128,18178,94242022,CLX5
2025-09-24 19:31:21.500869393+00:00,160,1,432669,A,A,64.83,1,26,8058566320642,128,16749,94242023,CLX5
2025-09-24 19:31:21.500905851+00:00,160,1,432669,A,A,64.83,1,26,8058566320643,128,21175,94242024,CLX5
2025-09-24 19:31:21.500918215+00:00,160,1,432669,M,B,63.65,4,26,8058566291224,128,17382,94242025,CLX5
2025-09-24 19:31:21.501076647+00:00,160,1,432669,A,B,64.81,1,26,8058566320645,128,19701,94242027,CLX5
2025-09-24 19:31:21.501114699+00:00,160,1,432669,C,B,64.79,1,26,8058566320052,128,17452,94242028,CLX5
2025-09-24 19:31:21.501259767+00:00,160,1,432669,A,A,64.83,1,26,8058566320647,128,17526,94242033,CLX5
2025-09-24 19:31:21.509429277+00:00,160,1,432669,A,B,64.77,2,26,8058566320648,128,21652,94242040,CLX5
2025-09-24 19:31:21.515009029+00:00,160,1,432669,C,A,64.83,1,26,8058566320643,128,21313,94242041,CLX5
2025-09-24 19:31:21.515015807+00:00,160,1,432669,C,A,64.83,1,26,8058566320642,128,18497,94242042,CLX5
2025-09-24 19:31:21.515026099+00:00,160,1,432669,C,A,64.83,1,26,8058566320641,128,17286,94242043,CLX5
2025-09-24 19:31:21.515208665+00:00,160,1,432669,C,B,64.81,1,26,8058566320645,128,17772,94242046,CLX5
2025-09-24 19:31:21.515347339+00:00,160,1,432669,A,B,64.81,1,26,8058566320650,128,21345,94242047,CLX5
2025-09-24 19:31:21.569460001+00:00,160,1,432669,C,B,64.8,5,26,8058566286350,128,21489,94242050,CLX5
2025-09-24 19:31:21.773408461+00:00,160,1,432669,C,B,64.81,1,26,8058566320650,128,20730,94242053,CLX5
2025-09-24 19:31:21.773576607+00:00,160,1,432669,A,B,64.81,1,26,8058566320653,128,20952,94242054,CLX5
2025-09-24 19:31:23.141978327+00:00,160,1,432669,T,A,64.81,5,26,8058566320655,0,23230,94242068,CLX5
2025-09-24 19:31:23.141978327+00:00,160,1,432669,F,B,64.81,1,26,8058566288068,0,23230,94242068,CLX5
2025-09-24 19:31:23.141978327+00:00,160,1,432669,F,B,64.81,2,26,8058566288099,0,23230,94242068,CLX5
2025-09-24 19:31:23.141978327+00:00,160,1,432669,F,B,64.81,1,26,8058566288142,0,23230,94242068,CLX5
2025-09-24 19:31:23.141978327+00:00,160,1,432669,F,B,64.81,1,26,8058566288513,0,23230,94242068,CLX5
2025-09-24 19:31:23.141978327+00:00,160,1,432669,C,B,64.81,1,26,8058566288068,0,18609,94242069,CLX5
2025-09-24 19:31:23.141978327+00:00,160,1,432669,C,B,64.81,2,26,8058566288099,0,18609,94242069,CLX5
2025-09-24 19:31:23.141978327+00:00,160,1,432669,C,B,64.81,1,26,8058566288142,0,18609,94242069,CLX5
2025-09-24 19:31:23.141978327+00:00,160,1,432669,C,B,64.81,1,26,8058566288513,128,18609,94242069,CLX5
2025-09-24 19:31:23.142326273+00:00,160,1,432669,A,A,64.82,2,26,8058566320657,128,20660,94242072,CLX5
2025-09-24 19:31:23.142346413+00:00,160,1,432669,C,B,64.81,1,26,8058566320653,128,17652,94242090,CLX5
2025-09-24 19:31:23.142348065+00:00,160,1,432669,C,A,64.82,2,26,8058566320657,128,20804,94242091,CLX5
2025-09-24 19:31:23.142431773+00:00,160,1,432669,A,B,64.81,1,26,8058566320663,128,21010,94242097,CLX5
2025-09-24 19:31:23.142535179+00:00,160,1,432669,C,B,64.81,1,26,8058566320663,128,17478,94242105,CLX5
2025-09-24 19:31:23.142871701+00:00,160,1,432669,A,B,64.81,1,26,8058566320665,128,17825,94242123,CLX5
2025-09-24 19:31:23.142892205+00:00,160,1,432669,C,A,64.83,1,26,8058566320580,128,17316,94242124,CLX5
2025-09-24 19:31:23.142954779+00:00,160,1,432669,M,A,64.84,4,26,8058566275421,128,17730,94242129,CLX5
2025-09-24 19:31:23.143092071+00:00,160,1,432669,A,A,64.82,1,26,8058566320669,128,18700,94242137,CLX5
2025-09-24 19:31:23.144217371+00:00,160,1,432669,M,B,64.81,2,26,8058566291224,128,17718,94242165,CLX5
2025-09-24 19:31:23.144290635+00:00,160,1,432669,C,A,64.83,1,26,8058566320647,128,15100,94242166,CLX5
2025-09-24 19:31:23.144577491+00:00,160,1,432669,A,A,64.83,1,26,8058566320675,128,15152,94242173,CLX5
2025-09-24 19:31:23.174330765+00:00,160,1,432669,C,A,64.83,1,26,8058566320675,128,18554,94242186,CLX5
2025-09-24 19:31:23.193126947+00:00,160,1,432669,A,A,64.82,1,26,8058566320677,128,18277,94242187,CLX5
2025-09-24 19:31:23.194522111+00:00,160,1,432669,A,A,64.82,1,26,8058566320680,128,18350,94242196,CLX5
2025-09-24 19:31:23.194677259+00:00,160,1,432669,A,A,64.82,1,26,8058566320681,128,18271,94242199,CLX5
2025-09-24 19:31:23.194822999+00:00,160,1,432669,T,B,64.82,4,26,8058566320683,0,18546,94242204,CLX5
2025-09-24 19:31:23.194822999+00:00,160,1,432669,F,A,64.82,1,26,8058566320669,0,18546,94242204,CLX5
2025-09-24 19:31:23.194822999+00:00,160,1,432669,F,A,64.82,1,26,8058566320677,0,18546,94242204,CLX5
2025-09-24 19:31:23.194822999+00:00,160,1,432669,F,A,64.82,1,26,8058566320680,0,18546,94242204,CLX5
2025-09-24 19:31:23.194822999+00:00,160,1,432669,F,A,64.82,1,26,8058566320681,0,18546,94242204,CLX5
2025-09-24 19:31:23.194822999+00:00,160,1,432669,C,A,64.82,1,26,8058566320669,0,15447,94242205,CLX5
2025-09-24 19:31:23.194822999+00:00,160,1,432669,C,A,64.82,1,26,8058566320677,0,15447,94242205,CLX5
2025-09-24 19:31:23.194822999+00:00,160,1,432669,C,A,64.82,1,26,8058566320680,0,15447,94242205,CLX5
2025-09-24 19:31:23.194822999+00:00,160,1,432669,C,A,64.82,1,26,8058566320681,128,15447,94242205,CLX5
2025-09-24 19:31:23.194833865+00:00,160,1,432669,A,B,64.82,1,26,8058566320684,128,14733,94242209,CLX5
2025-09-24 19:31:23.195153321+00:00,160,1,432669,A,B,64.81,1,26,8058566320687,128,15537,94242215,CLX5
2025-09-24 19:31:23.195168227+00:00,160,1,432669,A,B,64.81,1,26,8058566320689,128,15571,94242216,CLX5
2025-09-24 19:31:23.195169757+00:00,160,1,432669,A,B,64.82,2,26,8058566320690,128,20018,94242217,CLX5
2025-09-24 19:31:23.195238565+00:00,160,1,432669,A,B,64.81,2,26,8058566320694,128,19133,94242237,CLX5
2025-09-24 19:31:23.195391813+00:00,160,1,432669,M,B,63.65,4,26,8058566291224,128,15717,94242240,CLX5
2025-09-24 19:31:23.195598683+00:00,160,1,432669,M,A,65.98,4,26,8058566275421,128,19109,94242242,CLX5
2025-09-24 19:31:23.195770997+00:00,160,1,432669,A,B,64.79,1,26,8058566320697,128,14958,94242252,CLX5
2025-09-24 19:31:23.195924147+00:00,160,1,432669,A,B,64.81,1,26,8058566320698,128,15217,94242260,CLX5
2025-09-24 19:31:23.209817807+00:00,160,1,432669,C,B,64.81,1,26,8058566320698,128,18183,94242272,CLX5
2025-09-24 19:31:23.209831591+00:00,160,1,432669,A,A,64.83,1,26,8058566320699,128,15709,94242273,CLX5
2025-09-24 19:31:23.209984303+00:00,160,1,432669,A,A,64.83,1,26,8058566320700,128,18698,94242274,CLX5
2025-09-24 19:31:23.210011871+00:00,160,1,432669,A,A,64.83,1,26,8058566320701,128,15434,94242275,CLX5
2025-09-24 19:31:24.280440171+00:00,160,1,432669,C,A,64.83,1,26,8058566320701,128,18495,94242306,CLX5
2025-09-24 19:31:24.280446411+00:00,160,1,432669,C,A,64.83,1,26,8058566320700,128,15385,94242307,CLX5
2025-09-24 19:31:24.833566971+00:00,160,1,432669,C,A,64.83,1,26,8058566320699,128,20112,94242319,CLX5
2025-09-24 19:31:24.920274725+00:00,160,1,432669,A,A,64.83,1,26,8058566320718,128,15306,94242341,CLX5
2025-09-24 19:31:24.920453661+00:00,160,1,432669,C,B,64.81,1,26,8058566320689,128,15712,94242348,CLX5
2025-09-24 19:31:24.920857783+00:00,160,1,432669,C,B,64.82,2,26,8058566320690,128,18082,94242360,CLX5
2025-09-24 19:31:24.968307953+00:00,160,1,432669,T,A,64.82,1,26,8058566320724,0,20941,94242370,CLX5
2025-09-24 19:31:24.968307953+00:00,160,1,432669,F,B,64.82,1,26,8058566320684,0,20941,94242370,CLX5
2025-09-24 19:31:24.968307953+00:00,160,1,432669,C,B,64.82,1,26,8058566320684,128,14898,94242371,CLX5
2025-09-24 19:31:24.968629519+00:00,160,1,432669,C,B,64.81,1,26,8058566320687,128,15228,94242383,CLX5
2025-09-24 19:31:24.968797321+00:00,160,1,432669,A,A,64.83,1,26,8058566320733,128,15428,94242406,CLX5
2025-09-24 19:31:24.968993829+00:00,160,1,432669,A,B,64.81,1,26,8058566320736,128,15316,94242423,CLX5
2025-09-24 19:31:24.969019839+00:00,160,1,432669,A,A,64.83,1,26,8058566320737,128,14249,94242425,CLX5
2025-09-24 19:31:24.969085077+00:00,160,1,432669,A,A,64.83,1,26,8058566320738,128,15388,94242428,CLX5
2025-09-24 19:31:24.969130387+00:00,160,1,432669,A,A,64.83,1,26,8058566320740,128,15127,94242433,CLX5
2025-09-24 19:31:24.969132383+00:00,160,1,432669,C,B,64.79,1,26,8058566320697,128,15024,94242434,CLX5
2025-09-24 19:31:25.036340785+00:00,160,1,432669,C,A,64.83,1,26,8058566320740,128,18277,94242450,CLX5
2025-09-24 19:31:25.036348617+00:00,160,1,432669,C,A,64.83,1,26,8058566320737,128,15092,94242451,CLX5
2025-09-24 19:31:25.036357219+00:00,160,1,432669,C,A,64.83,1,26,8058566320733,128,14995,94242452,CLX5
2025-09-24 19:31:26.601811361+00:00,160,1,432669,A,A,64.82,3,26,8058566320762,128,18155,94242496,CLX5
2025-09-24 19:31:26.601912023+00:00,160,1,432669,C,B,64.81,1,26,8058566320665,128,18660,94242550,CLX5
2025-09-24 19:31:26.602047529+00:00,160,1,432669,A,A,64.82,2,26,8058566320770,128,22911,94242557,CLX5
2025-09-24 19:31:26.602048681+00:00,160,1,432669,C,B,64.78,1,26,8058566302456,128,18354,94242560,CLX5
2025-09-24 19:31:26.602048829+00:00,160,1,432669,C,B,64.8,2,26,8058566302528,128,15069,94242561,CLX5
2025-09-24 19:31:26.602048979+00:00,160,1,432669,C,B,64.77,1,26,8058566302713,128,15228,94242562,CLX5
2025-09-24 19:31:26.602049603+00:00,160,1,432669,C,B,64.79,2,26,8058566320130,128,15441,94242568,CLX5
2025-09-24 19:31:26.602073735+00:00,160,1,432669,A,A,64.82,1,26,8058566320777,128,17041,94242580,CLX5
2025-09-24 19:31:26.602075639+00:00,160,1,432669,A,A,64.82,2,26,8058566320778,128,19904,94242581,CLX5
2025-09-24 19:31:26.602082915+00:00,160,1,432669,C,B,64.81,2,26,8058566320694,128,15378,94242586,CLX5
2025-09-24 19:31:26.602086829+00:00,160,1,432669,A,A,64.82,2,26,8058566320780,128,16282,94242587,CLX5
2025-09-24 19:31:26.602087011+00:00,160,1,432669,A,A,64.82,1,26,8058566320781,128,18520,94242588,CLX5
2025-09-24 19:31:26.602108737+00:00,160,1,432669,A,A,64.82,1,26,8058566320783,128,15756,94242596,CLX5
2025-09-24 19:31:26.602133925+00:00,160,1,432669,A,A,64.82,1,26,8058566320785,128,15371,94242602,CLX5
2025-09-24 19:31:26.602355159+00:00,160,1,432669,M,A,64.84,4,26,8058566275421,128,15353,94242612,CLX5
2025-09-24 19:31:26.602491547+00:00,160,1,432669,C,A,64.83,1,26,8058566320738,128,15059,94242617,CLX5
2025-09-24 19:31:26.602700493+00:00,160,1,432669,A,A,64.82,2,26,8058566320792,128,18540,94242624,CLX5
2025-09-24 19:31:26.602700877+00:00,160,1,432669,C,A,64.82,2,26,8058566320778,128,15723,94242625,CLX5
2025-09-24 19:31:26.603482053+00:00,160,1,432669,C,B,64.77,2,26,8058566320648,128,14731,94242658,CLX5
2025-09-24 19:31:26.603483089+00:00,160,1,432669,C,B,64.72,2,26,8058566302431,128,18141,94242659,CLX5
2025-09-24 19:31:26.603507145+00:00,160,1,432669,C,A,64.82,1,26,8058566320781,128,15727,94242660,CLX5
2025-09-24 19:31:26.603513655+00:00,160,1,432669,C,A,64.82,2,26,8058566320780,128,16098,94242661,CLX5
2025-09-24 19:31:26.603850601+00:00,160,1,432669,C,A,64.82,2,26,8058566320792,128,16554,94242688,CLX5
2025-09-24 19:31:26.603851699+00:00,160,1,432669,C,B,64.81,2,26,8058566320639,128,15977,94242690,CLX5
2025-09-24 19:31:26.604286939+00:00,160,1,432669,C,B,64.76,1,26,8058566305832,128,18571,94242715,CLX5
2025-09-24 19:31:26.604814647+00:00,160,1,432669,C,A,64.82,1,26,8058566320785,128,16642,94242734,CLX5
2025-09-24 19:31:26.605081765+00:00,160,1,432669,A,B,64.81,2,26,8058566320831,128,16721,94242745,CLX5
2025-09-24 19:31:26.605417711+00:00,160,1,432669,A,B,64.81,1,26,8058566320834,128,14396,94242751,CLX5
2025-09-24 19:31:26.605423413+00:00,160,1,432669,T,B,64.82,7,26,8058566320835,0,14858,94242752,CLX5
2025-09-24 19:31:26.605423413+00:00,160,1,432669,F,A,64.82,3,26,8058566320762,0,14858,94242752,CLX5
2025-09-24 19:31:26.605423413+00:00,160,1,432669,F,A,64.82,2,26,8058566320770,0,14858,94242752,CLX5
2025-09-24 19:31:26.605423413+00:00,160,1,432669,F,A,64.82,1,26,8058566320777,0,14858,94242752,CLX5
2025-09-24 19:31:26.605423413+00:00,160,1,432669,F,A,64.82,1,26,8058566320783,0,14858,94242752,CLX5
2025-09-24 19:31:26.605423413+00:00,160,1,432669,C,A,64.82,3,26,8058566320762,0,19121,94242753,CLX5
2025-09-24 19:31:26.605423413+00:00,160,1,432669,C,A,64.82,2,26,8058566320770,0,19121,94242753,CLX5
2025-09-24 19:31:26.605423413+00:00,160,1,432669,C,A,64.82,1,26,8058566320777,0,19121,94242753,CLX5
2025-09-24 19:31:26.605423413+00:00,160,1,432669,C,A,64.82,1,26,8058566320783,128,19121,94242753,CLX5
2025-09-24 19:31:26.605433743+00:00,160,1,432669,A,B,64.82,3,26,8058566320836,128,14900,94242757,CLX5
2025-09-24 19:31:26.605599295+00:00,160,1,432669,C,B,64.81,1,26,8058566320834,128,14926,94242764,CLX5
2025-09-24 19:31:26.605601849+00:00,160,1,432669,C,B,64.81,2,26,8058566320831,128,19511,94242766,CLX5
2025-09-24 19:31:26.605804131+00:00,160,1,432669,A,B,64.81,2,26,8058566320840,128,16061,94242783,CLX5
2025-09-24 19:31:26.605851497+00:00,160,1,432669,A,B,64.81,1,26,8058566320842,128,14949,94242786,CLX5
2025-09-24 19:31:26.607052669+00:00,160,1,432669,A,B,64.81,1,26,8058566320845,128,15418,94242807,CLX5
2025-09-24 19:31:26.607053901+00:00,160,1,432669,A,B,64.82,2,26,8058566320846,128,14854,94242808,CLX5
2025-09-24 19:31:26.607077383+00:00,160,1,432669,A,B,64.82,1,26,8058566320850,128,17376,94242817,CLX5
2025-09-24 19:31:26.607147747+00:00,160,1,432669,C,A,64.83,1,26,8058566320718,128,18654,94242824,CLX5
2025-09-24 19:31:26.607178927+00:00,160,1,432669,A,B,64.82,3,26,8058566320851,128,16374,94242825,CLX5
2025-09-24 19:31:26.607179105+00:00,160,1,432669,A,B,64.82,2,26,8058566320852,128,15196,94242826,CLX5
2025-09-24 19:31:26.607205171+00:00,160,1,432669,A,B,64.81,2,26,8058566320855,128,17464,94242831,CLX5
2025-09-24 19:31:26.607271505+00:00,160,1,432669,A,B,64.81,1,26,8058566320856,128,15351,94242832,CLX5
2025-09-24 19:31:26.607332595+00:00,160,1,432669,A,B,64.81,1,26,8058566320857,128,14280,94242834,CLX5
2025-09-24 19:31:26.607655661+00:00,160,1,432669,C,B,64.82,2,26,8058566320852,128,16473,94242841,CLX5
2025-09-24 19:31:26.607693579+00:00,160,1,432669,C,B,64.82,3,26,8058566320851,128,16778,94242845,CLX5
2025-09-24 19:31:26.609850161+00:00,160,1,432669,C,A,64.85,1,26,8058566319376,128,15203,94242919,CLX5
2025-09-24 19:31:26.616904583+00:00,160,1,432669,A,A,64.83,1,26,8058566320899,128,18925,94242998,CLX5
2025-09-24 19:31:26.617047731+00:00,160,1,432669,A,B,64.77,1,26,8058566320901,128,14801,94243003,CLX5
2025-09-24 19:31:26.617068813+00:00,160,1,432669,A,A,64.83,1,26,8058566320902,128,18517,94243005,CLX5
2025-09-24 19:31:26.617276241+00:00,160,1,432669,A,A,64.83,1,26,8058566320903,128,17447,94243008,CLX5
2025-09-24 19:31:26.617420445+00:00,160,1,432669,C,B,64.81,1,26,8058566320857,128,19005,94243009,CLX5
2025-09-24 19:31:26.617431313+00:00,160,1,432669,C,B,64.81,1,26,8058566320856,128,15595,94243010,CLX5
2025-09-24 19:31:26.646568121+00:00,160,1,432669,A,B,64.72,2,26,8058566320913,128,18108,94243036,CLX5
2025-09-24 19:31:26.663496955+00:00,160,1,432669,A,B,64.8,2,26,8058566320918,128,18738,94243043,CLX5
2025-09-24 19:31:26.663501101+00:00,160,1,432669,A,B,64.79,2,26,8058566320919,128,14808,94243044,CLX5
2025-09-24 19:31:26.749733215+00:00,160,1,432669,A,B,64.78,1,26,8058566320930,128,19077,94243065,CLX5
2025-09-24 19:31:27.045917593+00:00,160,1,432669,C,A,64.83,1,26,8058566320903,128,19534,94243129,CLX5
2025-09-24 19:31:27.045927731+00:00,160,1,432669,C,A,64.83,1,26,8058566320902,128,15291,94243130,CLX5
2025-09-24 19:31:27.045934219+00:00,160,1,432669,C,A,64.83,1,26,8058566320899,128,15134,94243131,CLX5
2025-09-24 19:31:27.046071801+00:00,160,1,432669,A,B,64.79,1,26,8058566320981,128,14781,94243134,CLX5
2025-09-24 19:31:27.630814845+00:00,160,1,432669,C,B,64.82,2,26,8058566320846,128,19417,94243185,CLX5
2025-09-24 19:31:27.630824959+00:00,160,1,432669,T,A,64.82,4,26,8058566321021,0,18420,94243245,CLX5
2025-09-24 19:31:27.630824959+00:00,160,1,432669,F,B,64.82,3,26,8058566320836,0,18420,94243245,CLX5
